%% This BibTeX bibliography file was created using BibDesk.
%% http://bibdesk.sourceforge.net/


%% Created for Thilo Haas at 2013-03-26 11:18:23 +0100 


%% Saved with string encoding Unicode (UTF-8) 



@techreport{Sheldon2001,
	Author = {George Sheldon},
	Date-Added = {2013-03-26 10:15:32 +0000},
	Date-Modified = {2013-03-26 10:16:21 +0000},
	Institution = {Forschungsstelle f{\"u}r Arbeitsmarkt- und Industrie{\"o}konomik (FAI) Universit{\"a}t Basel},
	Title = {Die Auswirkung der Ausl{\"a}nderbesch{\"a}ftigung auf die L{\"o}hne und das Wirtschaftswachstum in der Schweiz},
	Year = {2001},
	Bdsk-File-1 = {YnBsaXN0MDDUAQIDBAUGJCVYJHZlcnNpb25YJG9iamVjdHNZJGFyY2hpdmVyVCR0b3ASAAGGoKgHCBMUFRYaIVUkbnVsbNMJCgsMDxJXTlMua2V5c1pOUy5vYmplY3RzViRjbGFzc6INDoACgAOiEBGABIAFgAdccmVsYXRpdmVQYXRoWWFsaWFzRGF0YW8QfAAuAC4ALwBwAGEAcABlAHIAcwAvAHMAdwBpAHQAegBlAHIAbABhAG4AZAAvAEQAaQBlACAAQQB1AHMAdwBpAHIAawB1AG4AZwAgAGQAZQByACAAQQB1AHMAbADkAG4AZABlAHIAYgBlAHMAYwBoAOQAZgB0AGkAZwB1AG4AZwAgAGEAdQBmACAAZABpAGUAIABMAPYAaABuAGUAIAB1AG4AZAAgAGQAYQBzACAAVwBpAHIAdABzAGMAaABhAGYAdABzAHcAYQBjAGgAcwB0AHUAbQAgAGkAbgAgAGQAZQByACAAUwBjAGgAdwBlAGkAegAuAHAAZABm0hcLGBlXTlMuZGF0YU8RAxAAAAAAAxAAAgAADE1hY2ludG9zaCBIRAAAAAAAAAAAAAAAAAAAAMyRkP9IKwAAAJj/ZR9EaWUgQXVzd2lya3VuZyBkZXIgIzEwQTk5RkMucGRmAAAAAAAAAAAAAAAAAAAAAAAAAAAAAAAAAAAAAAAAAAABCpn8zXczyAAAAAAAAAAAAAEAAwAACSAAAAAAAAAAAAAAAAAAAAALc3dpdHplcmxhbmQAABAACAAAzJF03wAAABEACAAAzXcluAAAAAEAIACY/2UAgk+MAGJ8xQARdf4AEW4iAAjDmAAE/YgAAg3XAAIAdU1hY2ludG9zaCBIRDpVc2VyczoAdGhpbG86AERva3VtZW50ZToAVW5pOgBCQToAaW1taWdyYXRpb25UYXNrczoAcGFwZXJzOgBzd2l0emVybGFuZDoARGllIEF1c3dpcmt1bmcgZGVyICMxMEE5OUZDLnBkZgAADgDUAGkARABpAGUAIABBAHUAcwB3AGkAcgBrAHUAbgBnACAAZABlAHIAIABBAHUAcwBsAGEDCABuAGQAZQByAGIAZQBzAGMAaABhAwgAZgB0AGkAZwB1AG4AZwAgAGEAdQBmACAAZABpAGUAIABMAG8DCABoAG4AZQAgAHUAbgBkACAAZABhAHMAIABXAGkAcgB0AHMAYwBoAGEAZgB0AHMAdwBhAGMAaABzAHQAdQBtACAAaQBuACAAZABlAHIAIABTAGMAaAB3AGUAaQB6AC4AcABkAGYADwAaAAwATQBhAGMAaQBuAHQAbwBzAGgAIABIAEQAEgCqVXNlcnMvdGhpbG8vRG9rdW1lbnRlL1VuaS9CQS9pbW1pZ3JhdGlvblRhc2tzL3BhcGVycy9zd2l0emVybGFuZC9EaWUgQXVzd2lya3VuZyBkZXIgQXVzbMOkbmRlcmJlc2Now6RmdGlndW5nIGF1ZiBkaWUgTMO2aG5lIHVuZCBkYXMgV2lydHNjaGFmdHN3YWNoc3R1bSBpbiBkZXIgU2Nod2Vpei5wZGYAEwABLwAAFQACAAz//wAAgAbSGxwdHlokY2xhc3NuYW1lWCRjbGFzc2VzXU5TTXV0YWJsZURhdGGjHR8gVk5TRGF0YVhOU09iamVjdNIbHCIjXE5TRGljdGlvbmFyeaIiIF8QD05TS2V5ZWRBcmNoaXZlctEmJ1Ryb290gAEACAARABoAIwAtADIANwBAAEYATQBVAGAAZwBqAGwAbgBxAHMAdQB3AIQAjgGJAY4BlgSqBKwEsQS8BMUE0wTXBN4E5wTsBPkE/AUOBREFFgAAAAAAAAIBAAAAAAAAACgAAAAAAAAAAAAAAAAAAAUY}}

@techreport{Kueng2005,
	Author = {Lorenz K{\"u}ng},
	Date-Added = {2013-03-26 10:12:13 +0000},
	Date-Modified = {2013-03-26 10:13:04 +0000},
	Institution = {Department of Economics University of Fribourg Switzerland},
	Month = {February},
	Title = {The Impact of Immigration on Swiss Wages: A Fixed Effects Two Stage Least Squares Analysis},
	Year = {2005},
	Bdsk-File-1 = {YnBsaXN0MDDUAQIDBAUGJCVYJHZlcnNpb25YJG9iamVjdHNZJGFyY2hpdmVyVCR0b3ASAAGGoKgHCBMUFRYaIVUkbnVsbNMJCgsMDxJXTlMua2V5c1pOUy5vYmplY3RzViRjbGFzc6INDoACgAOiEBGABIAFgAdccmVsYXRpdmVQYXRoWWFsaWFzRGF0YW8QcwAuAC4ALwBwAGEAcABlAHIAcwAvAHMAdwBpAHQAegBlAHIAbABhAG4AZAAvAFQAaABlACAASQBtAHAAYQBjAHQAIABvAGYAIABJAG0AbQBpAGcAcgBhAHQAaQBvAG4AIABvAG4AIABTAHcAaQBzAHMAIABXAGEAZwBlAHMALQAgAEEAIABGAGkAeABlAGQAIABF+wAAZQBjAHQAcwAgAFQAdwBvACAAUwB0AGEAZwBlACAATABlAGEAcwB0ACAAUwBxAHUAYQByAGUAcwAgAEEAbgBhAGwAeQBzAGkAcwAuAHAAZABm0hcLGBlXTlMuZGF0YU8RAu4AAAAAAu4AAgAADE1hY2ludG9zaCBIRAAAAAAAAAAAAAAAAAAAAMyRkP9IKwAAAJj/ZR9UaGUgSW1wYWN0IG9mIEltbWlnIzEwQTk2MjkucGRmAAAAAAAAAAAAAAAAAAAAAAAAAAAAAAAAAAAAAAAAAAABCpYpzXcteQAAAAAAAAAAAAEAAwAACSAAAAAAAAAAAAAAAAAAAAALc3dpdHplcmxhbmQAABAACAAAzJF03wAAABEACAAAzXcfaQAAAAEAIACY/2UAgk+MAGJ8xQARdf4AEW4iAAjDmAAE/YgAAg3XAAIAdU1hY2ludG9zaCBIRDpVc2VyczoAdGhpbG86AERva3VtZW50ZToAVW5pOgBCQToAaW1taWdyYXRpb25UYXNrczoAcGFwZXJzOgBzd2l0emVybGFuZDoAVGhlIEltcGFjdCBvZiBJbW1pZyMxMEE5NjI5LnBkZgAADgC8AF0AVABoAGUAIABJAG0AcABhAGMAdAAgAG8AZgAgAEkAbQBtAGkAZwByAGEAdABpAG8AbgAgAG8AbgAgAFMAdwBpAHMAcwAgAFcAYQBnAGUAcwAtACAAQQAgAEYAaQB4AGUAZAAgAEX7AABlAGMAdABzACAAVAB3AG8AIABTAHQAYQBnAGUAIABMAGUAYQBzAHQAIABTAHEAdQBhAHIAZQBzACAAQQBuAGEAbAB5AHMAaQBzAC4AcABkAGYADwAaAAwATQBhAGMAaQBuAHQAbwBzAGgAIABIAEQAEgCgVXNlcnMvdGhpbG8vRG9rdW1lbnRlL1VuaS9CQS9pbW1pZ3JhdGlvblRhc2tzL3BhcGVycy9zd2l0emVybGFuZC9UaGUgSW1wYWN0IG9mIEltbWlncmF0aW9uIG9uIFN3aXNzIFdhZ2VzLSBBIEZpeGVkIEXvrIBlY3RzIFR3byBTdGFnZSBMZWFzdCBTcXVhcmVzIEFuYWx5c2lzLnBkZgATAAEvAAAVAAIADP//AACABtIbHB0eWiRjbGFzc25hbWVYJGNsYXNzZXNdTlNNdXRhYmxlRGF0YaMdHyBWTlNEYXRhWE5TT2JqZWN00hscIiNcTlNEaWN0aW9uYXJ5oiIgXxAPTlNLZXllZEFyY2hpdmVy0SYnVHJvb3SAAQAIABEAGgAjAC0AMgA3AEAARgBNAFUAYABnAGoAbABuAHEAcwB1AHcAhACOAXcBfAGEBHYEeAR9BIgEkQSfBKMEqgSzBLgExQTIBNoE3QTiAAAAAAAAAgEAAAAAAAAAKAAAAAAAAAAAAAAAAAAABOQ=}}

@article{CifuentesEtAl2010,
	Abstract = {BackgroundO*NET is a publicly available online database that describes occupational features across US job titles and that has been used to estimate workplace physical and psychosocial exposures and organizational characteristics. The aim of this review is to describe and evaluate the use of O*NET as a job exposure matrix.MethodsA review of the peer-reviewed published and gray literature was conducted. Twenty-eight studies were found that used O*NET to estimate work exposures related to health or safety outcomes. Each was systematically evaluated across eight main features.ResultsMany health outcomes have been studied with O*NET estimates of job exposures. Some studies did not use conceptual definitions of exposure; few studies estimated convergent validity, most used predictive validity. Multilevel analysis was underutilized.ConclusionO*NET is worthy of exploration by the occupational health community, although its scientific value is still undetermined. More studies could eventually provide evidence of convergent validity. O*NET has the potential to allow examination of occupational risks that might have otherwise been ignored due to missing data or resource constraints on field data collection of job exposure information. Am. J. Ind. Med. 53:898--914, 2010. {\copyright} 2010 Wiley-Liss, Inc.},
	Author = {Cifuentes, Manuel and Boyer, Jon and Lombardi, David A. and Punnett, Laura},
	Date-Added = {2013-03-24 12:32:52 +0000},
	Date-Modified = {2013-03-24 15:50:52 +0000},
	Doi = {10.1002/ajim.20846},
	Issn = {1097-0274},
	Journal = {American Journal of Industrial Medicine},
	Keywords = {O*NET, occupational information network, occupational exposure, job exposure matrix, ergonomics},
	Number = {9},
	Pages = {898--914},
	Publisher = {Wiley Subscription Services, Inc., A Wiley Company},
	Title = {Use of O*NET as a job exposure matrix: A literature review},
	Volume = {53},
	Year = {2010},
	Bdsk-Url-1 = {http://dx.doi.org/10.1002/ajim.20846}}

@article{FriedbergHund1995,
	Abstract = {The popular belief that immigrants have a large adverse impact on the wages and employment opportunities of the native-born population of the receiving country is not supported by the empirical evidence. A 10 percent increase in the fraction of immigrants in the population reduces native wages by 0-1 percent. Even those natives who are the closest substitutes with immigrant labor do not suffer significantly as a result of increased immigration. There is no evidence of economically significant reductions in native employment. The impact on natives' per capita income growth depends crucially on the immigrants' human capital levels.},
	Author = {Rachel M. Friedberg and Jennifer Hunt},
	Date-Added = {2013-03-18 13:39:36 +0000},
	Date-Modified = {2013-03-18 13:40:17 +0000},
	Journal = {Journal of Economic Perspectives},
	Month = {Spring},
	Number = {2},
	Pages = {23-44},
	Title = {The Impact of Immigrants on Host Country Wages, Employment and Growth},
	Volume = {9},
	Year = 1995,
	Bdsk-File-1 = {YnBsaXN0MDDUAQIDBAUGJCVYJHZlcnNpb25YJG9iamVjdHNZJGFyY2hpdmVyVCR0b3ASAAGGoKgHCBMUFRYaIVUkbnVsbNMJCgsMDxJXTlMua2V5c1pOUy5vYmplY3RzViRjbGFzc6INDoACgAOiEBGABIAFgAdccmVsYXRpdmVQYXRoWWFsaWFzRGF0YV8QaC4uL3BhcGVycy9pbW1pZ3JhdGlvbkVmZmVjdHMvVGhlIEltcGFjdCBvZiBJbW1pZ3JhbnRzIG9uIEhvc3QgQ291bnRyeSBXYWdlcywgRW1wbG95bWVudCBhbmQgR3Jvd3RoICAucGRm0hcLGBlXTlMuZGF0YU8RAsoAAAAAAsoAAgAADE1hY2ludG9zaCBIRAAAAAAAAAAAAAAAAAAAAMyRkP9IKwAAAJMQch9UaGUgSW1wYWN0IG9mIEltbWlnciNGRjhCRjgucGRmAAAAAAAAAAAAAAAAAAAAAAAAAAAAAAAAAAAAAAAAAAAA/4v4zWzX5wAAAAAAAAAAAAEAAwAACSAAAAAAAAAAAAAAAAAAAAASaW1taWdyYXRpb25FZmZlY3RzABAACAAAzJF03wAAABEACAAAzWzJ1wAAAAEAIACTEHIAgk+MAGJ8xQARdf4AEW4iAAjDmAAE/YgAAg3XAAIAfE1hY2ludG9zaCBIRDpVc2VyczoAdGhpbG86AERva3VtZW50ZToAVW5pOgBCQToAaW1taWdyYXRpb25UYXNrczoAcGFwZXJzOgBpbW1pZ3JhdGlvbkVmZmVjdHM6AFRoZSBJbXBhY3Qgb2YgSW1taWdyI0ZGOEJGOC5wZGYADgCYAEsAVABoAGUAIABJAG0AcABhAGMAdAAgAG8AZgAgAEkAbQBtAGkAZwByAGEAbgB0AHMAIABvAG4AIABIAG8AcwB0ACAAQwBvAHUAbgB0AHIAeQAgAFcAYQBnAGUAcwAsACAARQBtAHAAbABvAHkAbQBlAG4AdAAgAGEAbgBkACAARwByAG8AdwB0AGgAIAAgAC4AcABkAGYADwAaAAwATQBhAGMAaQBuAHQAbwBzAGgAIABIAEQAEgCTVXNlcnMvdGhpbG8vRG9rdW1lbnRlL1VuaS9CQS9pbW1pZ3JhdGlvblRhc2tzL3BhcGVycy9pbW1pZ3JhdGlvbkVmZmVjdHMvVGhlIEltcGFjdCBvZiBJbW1pZ3JhbnRzIG9uIEhvc3QgQ291bnRyeSBXYWdlcywgRW1wbG95bWVudCBhbmQgR3Jvd3RoICAucGRmAAATAAEvAAAVAAIADP//AACABtIbHB0eWiRjbGFzc25hbWVYJGNsYXNzZXNdTlNNdXRhYmxlRGF0YaMdHyBWTlNEYXRhWE5TT2JqZWN00hscIiNcTlNEaWN0aW9uYXJ5oiIgXxAPTlNLZXllZEFyY2hpdmVy0SYnVHJvb3SAAQAIABEAGgAjAC0AMgA3AEAARgBNAFUAYABnAGoAbABuAHEAcwB1AHcAhACOAPkA/gEGA9QD1gPbA+YD7wP9BAEECAQRBBYEIwQmBDgEOwRAAAAAAAAAAgEAAAAAAAAAKAAAAAAAAAAAAAAAAAAABEI=},
	Bdsk-Url-1 = {http://ideas.repec.org/a/aea/jecper/v9y1995i2p23-44.html}}

@techreport{Hoehener2012,
	Author = {Philipp, H{\"o}hener},
	Date-Added = {2013-03-04 22:10:43 +0000},
	Date-Modified = {2013-03-15 17:14:11 +0000},
	Institution = {Department of Economics at the University of Zurich},
	Month = {March},
	Title = {Earnings Inequality and Occupational Distribution},
	Year = {2012},
	Bdsk-File-1 = {YnBsaXN0MDDUAQIDBAUGJCVYJHZlcnNpb25YJG9iamVjdHNZJGFyY2hpdmVyVCR0b3ASAAGGoKgHCBMUFRYaIVUkbnVsbNMJCgsMDxJXTlMua2V5c1pOUy5vYmplY3RzViRjbGFzc6INDoACgAOiEBGABIAFgAdccmVsYXRpdmVQYXRoWWFsaWFzRGF0YV8QZS4uL3BhcGVycy9zd2l0emVybGFuZC9Ib2VoZW5lcjIwMTIgLSBFYXJuaW5ncyBJbmVxdWFsaXR5IGFuZCBPY2N1cGF0aW9uYWwgRGlzdHJpYnV0aW9uIC0gTWFUaGVzaXMucGRm0hcLGBlXTlMuZGF0YU8RAsIAAAAAAsIAAgAADE1hY2ludG9zaCBIRAAAAAAAAAAAAAAAAAAAAMyRkP9IKwAAAJj/ZR9Ib2VoZW5lcjIwMTIgLSBFYXJuIzEwN0UwQUUucGRmAAAAAAAAAAAAAAAAAAAAAAAAAAAAAAAAAAAAAAAAAAABB+CuzIDTNgAAAAAAAAAAAAEAAwAACSAAAAAAAAAAAAAAAAAAAAALc3dpdHplcmxhbmQAABAACAAAzJF03wAAABEACAAAzIC3FgAAAAEAIACY/2UAgk+MAGJ8xQARdf4AEW4iAAjDmAAE/YgAAg3XAAIAdU1hY2ludG9zaCBIRDpVc2VyczoAdGhpbG86AERva3VtZW50ZToAVW5pOgBCQToAaW1taWdyYXRpb25UYXNrczoAcGFwZXJzOgBzd2l0emVybGFuZDoASG9laGVuZXIyMDEyIC0gRWFybiMxMDdFMEFFLnBkZgAADgCgAE8ASABvAGUAaABlAG4AZQByADIAMAAxADIAIAAtACAARQBhAHIAbgBpAG4AZwBzACAASQBuAGUAcQB1AGEAbABpAHQAeQAgAGEAbgBkACAATwBjAGMAdQBwAGEAdABpAG8AbgBhAGwAIABEAGkAcwB0AHIAaQBiAHUAdABpAG8AbgAgAC0AIABNAGEAVABoAGUAcwBpAHMALgBwAGQAZgAPABoADABNAGEAYwBpAG4AdABvAHMAaAAgAEgARAASAJBVc2Vycy90aGlsby9Eb2t1bWVudGUvVW5pL0JBL2ltbWlncmF0aW9uVGFza3MvcGFwZXJzL3N3aXR6ZXJsYW5kL0hvZWhlbmVyMjAxMiAtIEVhcm5pbmdzIEluZXF1YWxpdHkgYW5kIE9jY3VwYXRpb25hbCBEaXN0cmlidXRpb24gLSBNYVRoZXNpcy5wZGYAEwABLwAAFQACAAz//wAAgAbSGxwdHlokY2xhc3NuYW1lWCRjbGFzc2VzXU5TTXV0YWJsZURhdGGjHR8gVk5TRGF0YVhOU09iamVjdNIbHCIjXE5TRGljdGlvbmFyeaIiIF8QD05TS2V5ZWRBcmNoaXZlctEmJ1Ryb290gAEACAARABoAIwAtADIANwBAAEYATQBVAGAAZwBqAGwAbgBxAHMAdQB3AIQAjgD2APsBAwPJA8sD0APbA+QD8gP2A/0EBgQLBBgEGwQtBDAENQAAAAAAAAIBAAAAAAAAACgAAAAAAAAAAAAAAAAAAAQ3}}

@article{Stalder2010,
	Abstract = {The agreement with the European Union on liberalized migration had sizable effects on the Swiss economy. Simulations with a macroeconometric model show that the agreement mitigated the incidence of labor shortages and stimulated business investment, giving rise to an increased growth potential. The inflow of new immigrants also affected the demand-side of the economy by boosting consumption and housing investment. As the supply-side effects prevailed, inflation was dampened. Monetary policy reacted by pursuing a more expansionary course. Annual GDP growth was raised by half a percentage point in the upswing 2004--2008. However, as the employment effect was of similar size, the widely expected productivity gains did not materialize. Moreover, the unemployment rate was lifted by 0.5 to 0.7 percentage points and household suffered from lower real wage growth. The consequences of the migration agreement over a full economic cycle are more difficult to assess. If the increased flexibility of labor supply observed in the recent upturn carries symmetrically over to recessions, the migration agreement reinforces the swings in GDP and employment growth but dampens the swings in unemployment and inflation. In contrast, if the reaction of migration flows to rising and falling labor demand is asymmetric, unemployment might increase over the cycle because recovering labor demand attracts additional foreigners while the formerly dismissed workers remain in the unemployment pool. These different possibilities are illustrated in the paper by additional model simulations.},
	Author = {Peter Stalder},
	Date-Added = {2013-03-04 21:41:30 +0000},
	Date-Modified = {2013-03-04 21:41:42 +0000},
	Journal = {Swiss Journal of Economics and Statistics (SJES)},
	Keywords = {unemployment; wages; business cycle; immigration},
	Month = {December},
	Number = {IV},
	Pages = {821-874},
	Title = {Free Migration between the EU and Switzerland: Impacts on the Swiss Economy and Implications for Monetary Policy},
	Volume = {146},
	Year = 2010,
	Bdsk-File-1 = {YnBsaXN0MDDUAQIDBAUGJCVYJHZlcnNpb25YJG9iamVjdHNZJGFyY2hpdmVyVCR0b3ASAAGGoKgHCBMUFRYaIVUkbnVsbNMJCgsMDxJXTlMua2V5c1pOUy5vYmplY3RzViRjbGFzc6INDoACgAOiEBGABIAFgAdccmVsYXRpdmVQYXRoWWFsaWFzRGF0YW8QqAAuAC4ALwBwAGEAcABlAHIAcwAvAHMAdwBpAHQAegBlAHIAbABhAG4AZAAvAEYAcgBlAGUAIABNAGkAZwByAGEAdABpAG8AbgAgAGIAZQB0AHcAZQBlAG4AIAB0AGgAZQAgAEUAVQAgAGEAbgBkACAAUwB3AGkAdAB6AGUAcgBsAGEAbgBkAC0AIABJAG0AcABhAGMAdABzACAAbwBuACAAdABoAGUAIABTAHcAaQBzAHMAIABFAGMAbwBuAG8AbQB5ACAAYQBuAGQAIABJAG0AcABsAGkAYwBhAHQAaQBvAG4AcwAgAGYAbwByACAATQBvAG4AZQB0AGEAcgB5ACAAUABvAGwAaQBjAHkgHQAgAFMAdwBpAHMAcwAgAE4AYQB0AGkAbwBuAGEAbAAgAEIAYQBuAGsAIABSAGUAcwBlAGEAcgBjAGgALgBwAGQAZtIXCxgZV05TLmRhdGFPEQOOAAAAAAOOAAIAAAxNYWNpbnRvc2ggSEQAAAAAAAAAAAAAAAAAAADMkZD/SCsAAACY/2UfRnJlZSBNaWdyYXRpb24gYmV0d2UjRUVDRTVFLnBkZgAAAAAAAAAAAAAAAAAAAAAAAAAAAAAAAAAAAAAAAAAAAO7OXsvF1jYAAAAAAAAAAAABAAMAAAkgAAAAAAAAAAAAAAAAAAAAC3N3aXR6ZXJsYW5kAAAQAAgAAMyRdN8AAAARAAgAAMvFuhYAAAABACAAmP9lAIJPjABifMUAEXX+ABFuIgAIw5gABP2IAAIN1wACAHVNYWNpbnRvc2ggSEQ6VXNlcnM6AHRoaWxvOgBEb2t1bWVudGU6AFVuaToAQkE6AGltbWlncmF0aW9uVGFza3M6AHBhcGVyczoAc3dpdHplcmxhbmQ6AEZyZWUgTWlncmF0aW9uIGJldHdlI0VFQ0U1RS5wZGYAAA4BJgCSAEYAcgBlAGUAIABNAGkAZwByAGEAdABpAG8AbgAgAGIAZQB0AHcAZQBlAG4AIAB0AGgAZQAgAEUAVQAgAGEAbgBkACAAUwB3AGkAdAB6AGUAcgBsAGEAbgBkAC0AIABJAG0AcABhAGMAdABzACAAbwBuACAAdABoAGUAIABTAHcAaQBzAHMAIABFAGMAbwBuAG8AbQB5ACAAYQBuAGQAIABJAG0AcABsAGkAYwBhAHQAaQBvAG4AcwAgAGYAbwByACAATQBvAG4AZQB0AGEAcgB5ACAAUABvAGwAaQBjAHkgHQAgAFMAdwBpAHMAcwAgAE4AYQB0AGkAbwBuAGEAbAAgAEIAYQBuAGsAIABSAGUAcwBlAGEAcgBjAGgALgBwAGQAZgAPABoADABNAGEAYwBpAG4AdABvAHMAaAAgAEgARAASANVVc2Vycy90aGlsby9Eb2t1bWVudGUvVW5pL0JBL2ltbWlncmF0aW9uVGFza3MvcGFwZXJzL3N3aXR6ZXJsYW5kL0ZyZWUgTWlncmF0aW9uIGJldHdlZW4gdGhlIEVVIGFuZCBTd2l0emVybGFuZC0gSW1wYWN0cyBvbiB0aGUgU3dpc3MgRWNvbm9teSBhbmQgSW1wbGljYXRpb25zIGZvciBNb25ldGFyeSBQb2xpY3nigJ0gU3dpc3MgTmF0aW9uYWwgQmFuayBSZXNlYXJjaC5wZGYAABMAAS8AABUAAgAM//8AAIAG0hscHR5aJGNsYXNzbmFtZVgkY2xhc3Nlc11OU011dGFibGVEYXRhox0fIFZOU0RhdGFYTlNPYmplY3TSGxwiI1xOU0RpY3Rpb25hcnmiIiBfEA9OU0tleWVkQXJjaGl2ZXLRJidUcm9vdIABAAgAEQAaACMALQAyADcAQABGAE0AVQBgAGcAagBsAG4AcQBzAHUAdwCEAI4B4QHmAe4FgAWCBYcFkgWbBakFrQW0Bb0FwgXPBdIF5AXnBewAAAAAAAACAQAAAAAAAAAoAAAAAAAAAAAAAAAAAAAF7g==},
	Bdsk-Url-1 = {http://ideas.repec.org/a/ses/arsjes/2010-iv-9.html}}

@techreport{OttavianoPeri2008,
	Abstract = {This paper estimates the effects of immigration on wages of native workers at the national U.S. level. Following Borjas (2003) we focus on national labor markets for workers of different skills and we enrich his methodology and refine previous estimates. We emphasize that a production function framework is needed to combine workers of different skills in order to evaluate the competition as well as cross-skill complementary effects of immigrants on wages. We also emphasize the importance (and estimate the value) of the elasticity of substitution between workers with at most a high school degree and those without one. Since the two groups turn out to be close substitutes, this strongly dilutes the effects of competition between immigrants and workers with no degree. We then estimate the substitutability between natives and immigrants and we find a small but significant degree of imperfect substitution which further decreases the competitive effect of immigrants. Finally, we account for the short run and long run adjustment of capital in response to immigration. Using our estimates and Census data we find that immigration (1990-2006) had small negative effects in the short run on native workers with no high school degree (-0.7\%) and on average wages (-0.4\%) while it had small positive effects on native workers with no high school degree (+0.3\%) and on average native wages (+0.6\%) in the long run. These results are perfectly in line with the estimated aggregate elasticities in the labor literature since Katz and Murphy (1992). We also find a wage effect of new immigrants on previous immigrants in the order of negative 6\%.},
	Author = {Gianmarco I.P. Ottaviano and Giovanni Peri},
	Date-Added = {2013-02-07 09:21:53 +0000},
	Date-Modified = {2013-02-07 09:23:01 +0000},
	Institution = {National Bureau of Economic Research, Inc},
	Month = Jul,
	Number = {14188},
	Title = {Immigration and National Wages: Clarifying the Theory and the Empirics},
	Type = {NBER Working Papers},
	Year = 2008,
	Bdsk-File-1 = {YnBsaXN0MDDUAQIDBAUGJCVYJHZlcnNpb25YJG9iamVjdHNZJGFyY2hpdmVyVCR0b3ASAAGGoKgHCBMUFRYaIVUkbnVsbNMJCgsMDxJXTlMua2V5c1pOUy5vYmplY3RzViRjbGFzc6INDoACgAOiEBGABIAFgAdccmVsYXRpdmVQYXRoWWFsaWFzRGF0YV8QZy4uL3BhcGVycy9pbW1pZ3JhdGlvbkVmZmVjdHMvSW1taWdyYXRpb24gYW5kIE5hdGlvbmFsIFdhZ2VzLSBDbGFyaWZ5aW5nIHRoZSBUaGVvcnkgYW5kIHRoZSBFbXBpcmljcy5wZGbSFwsYGVdOUy5kYXRhTxECxgAAAAACxgACAAAMTWFjaW50b3NoIEhEAAAAAAAAAAAAAAAAAAAAzJGQ/0grAAAAkxByH0ltbWlncmF0aW9uIGFuZCBOYXRpI0RBOTdGRS5wZGYAAAAAAAAAAAAAAAAAAAAAAAAAAAAAAAAAAAAAAAAAAADal/7NOTDRAAAAAAAAAAAAAQADAAAJIAAAAAAAAAAAAAAAAAAAABJpbW1pZ3JhdGlvbkVmZmVjdHMAEAAIAADMkXTfAAAAEQAIAADNOSLBAAAAAQAgAJMQcgCCT4wAYnzFABF1/gARbiIACMOYAAT9iAACDdcAAgB8TWFjaW50b3NoIEhEOlVzZXJzOgB0aGlsbzoARG9rdW1lbnRlOgBVbmk6AEJBOgBpbW1pZ3JhdGlvblRhc2tzOgBwYXBlcnM6AGltbWlncmF0aW9uRWZmZWN0czoASW1taWdyYXRpb24gYW5kIE5hdGkjREE5N0ZFLnBkZgAOAJYASgBJAG0AbQBpAGcAcgBhAHQAaQBvAG4AIABhAG4AZAAgAE4AYQB0AGkAbwBuAGEAbAAgAFcAYQBnAGUAcwAtACAAQwBsAGEAcgBpAGYAeQBpAG4AZwAgAHQAaABlACAAVABoAGUAbwByAHkAIABhAG4AZAAgAHQAaABlACAARQBtAHAAaQByAGkAYwBzAC4AcABkAGYADwAaAAwATQBhAGMAaQBuAHQAbwBzAGgAIABIAEQAEgCSVXNlcnMvdGhpbG8vRG9rdW1lbnRlL1VuaS9CQS9pbW1pZ3JhdGlvblRhc2tzL3BhcGVycy9pbW1pZ3JhdGlvbkVmZmVjdHMvSW1taWdyYXRpb24gYW5kIE5hdGlvbmFsIFdhZ2VzLSBDbGFyaWZ5aW5nIHRoZSBUaGVvcnkgYW5kIHRoZSBFbXBpcmljcy5wZGYAEwABLwAAFQACAAz//wAAgAbSGxwdHlokY2xhc3NuYW1lWCRjbGFzc2VzXU5TTXV0YWJsZURhdGGjHR8gVk5TRGF0YVhOU09iamVjdNIbHCIjXE5TRGljdGlvbmFyeaIiIF8QD05TS2V5ZWRBcmNoaXZlctEmJ1Ryb290gAEACAARABoAIwAtADIANwBAAEYATQBVAGAAZwBqAGwAbgBxAHMAdQB3AIQAjgD4AP0BBQPPA9ED1gPhA+oD+AP8BAMEDAQRBB4EIQQzBDYEOwAAAAAAAAIBAAAAAAAAACgAAAAAAAAAAAAAAAAAAAQ9},
	Bdsk-Url-1 = {http://ideas.repec.org/p/nbr/nberwo/14188.html}}

@techreport{ManacordaEtAl2006,
	Abstract = {Immigration to the UK has risen in the past 10 years and has had a measurable effect on the supply of different types of labour. But, existing studies of the impact of immigration on the wages of native-born workers in the UK (e.g. Dustmann, Fabbri and Preston, 2005) have failed to find any significant effect. This is something of a puzzle since Card and Lemieux, (2001) have shown that changes in the relative supply of educated natives do seem to have measurable effects on the wage structure. This paper offers a resolution of this puzzle - natives and immigrants are imperfect substitutes, so that an increase in immigration reduces the wages of immigrants relative to natives. We show this using a pooled time series of British cross-sectional micro data of observations on male wages and employment from the mid-1970s to the mid-2000s. This lack of substitution also means that there is little discernable effect of increased immigration on the wages of native-born workers.},
	Author = {Marco Manacorda and Alan Manning and Jonathan Wadsworth},
	Date-Added = {2013-02-07 09:19:52 +0000},
	Date-Modified = {2013-02-07 09:37:29 +0000},
	Institution = {Centre for Economic Performance, LSE},
	Keywords = {Wages; wage inequality; immigration},
	Month = Oct,
	Number = {dp0754},
	Title = {The Impact of Immigration on the Structure of Male Wages: Theory and Evidence from Britain},
	Type = {CEP Discussion Papers},
	Year = 2006,
	Bdsk-File-1 = {YnBsaXN0MDDUAQIDBAUGJCVYJHZlcnNpb25YJG9iamVjdHNZJGFyY2hpdmVyVCR0b3ASAAGGoKgHCBMUFRYaIVUkbnVsbNMJCgsMDxJXTlMua2V5c1pOUy5vYmplY3RzViRjbGFzc6INDoACgAOiEBGABIAFgAdccmVsYXRpdmVQYXRoWWFsaWFzRGF0YV8Qey4uL3BhcGVycy9pbW1pZ3JhdGlvbkVmZmVjdHMvVGhlIEltcGFjdCBvZiBJbW1pZ3JhdGlvbiBvbiB0aGUgU3RydWN0dXJlIG9mIE1hbGUgV2FnZXMtIFRoZW9yeSBhbmQgRXZpZGVuY2UgZnJvbSBCcml0YWluLnBkZtIXCxgZV05TLmRhdGFPEQMCAAAAAAMCAAIAAAxNYWNpbnRvc2ggSEQAAAAAAAAAAAAAAAAAAADMkZD/SCsAAACTEHIfVGhlIEltcGFjdCBvZiBJbW1pZ3IjREE5NTNGLnBkZgAAAAAAAAAAAAAAAAAAAAAAAAAAAAAAAAAAAAAAAAAAANqVP805MFgAAAAAAAAAAAABAAMAAAkgAAAAAAAAAAAAAAAAAAAAEmltbWlncmF0aW9uRWZmZWN0cwAQAAgAAMyRdN8AAAARAAgAAM05IkgAAAABACAAkxByAIJPjABifMUAEXX+ABFuIgAIw5gABP2IAAIN1wACAHxNYWNpbnRvc2ggSEQ6VXNlcnM6AHRoaWxvOgBEb2t1bWVudGU6AFVuaToAQkE6AGltbWlncmF0aW9uVGFza3M6AHBhcGVyczoAaW1taWdyYXRpb25FZmZlY3RzOgBUaGUgSW1wYWN0IG9mIEltbWlnciNEQTk1M0YucGRmAA4AvgBeAFQAaABlACAASQBtAHAAYQBjAHQAIABvAGYAIABJAG0AbQBpAGcAcgBhAHQAaQBvAG4AIABvAG4AIAB0AGgAZQAgAFMAdAByAHUAYwB0AHUAcgBlACAAbwBmACAATQBhAGwAZQAgAFcAYQBnAGUAcwAtACAAVABoAGUAbwByAHkAIABhAG4AZAAgAEUAdgBpAGQAZQBuAGMAZQAgAGYAcgBvAG0AIABCAHIAaQB0AGEAaQBuAC4AcABkAGYADwAaAAwATQBhAGMAaQBuAHQAbwBzAGgAIABIAEQAEgCmVXNlcnMvdGhpbG8vRG9rdW1lbnRlL1VuaS9CQS9pbW1pZ3JhdGlvblRhc2tzL3BhcGVycy9pbW1pZ3JhdGlvbkVmZmVjdHMvVGhlIEltcGFjdCBvZiBJbW1pZ3JhdGlvbiBvbiB0aGUgU3RydWN0dXJlIG9mIE1hbGUgV2FnZXMtIFRoZW9yeSBhbmQgRXZpZGVuY2UgZnJvbSBCcml0YWluLnBkZgATAAEvAAAVAAIADP//AACABtIbHB0eWiRjbGFzc25hbWVYJGNsYXNzZXNdTlNNdXRhYmxlRGF0YaMdHyBWTlNEYXRhWE5TT2JqZWN00hscIiNcTlNEaWN0aW9uYXJ5oiIgXxAPTlNLZXllZEFyY2hpdmVy0SYnVHJvb3SAAQAIABEAGgAjAC0AMgA3AEAARgBNAFUAYABnAGoAbABuAHEAcwB1AHcAhACOAQwBEQEZBB8EIQQmBDEEOgRIBEwEUwRcBGEEbgRxBIMEhgSLAAAAAAAAAgEAAAAAAAAAKAAAAAAAAAAAAAAAAAAABI0=},
	Bdsk-Url-1 = {http://ideas.repec.org/p/cep/cepdps/dp0754.html}}

@techreport{BorjasKatz2005,
	Abstract = {This paper examines the evolution of the Mexican-born workforce in the United States using data drawn from the decennial U.S. Census throughout the entire 20th century. It is well known that there has been a rapid rise in Mexican immigration to the United States in recent years. Interestingly, the share of Mexican immigrants in the U.S. workforce declined steadily beginning in the 1920s before beginning to rise in the 1960s. It was not until 1980 that the relative number of Mexican immigrants in the U.S. workforce was at the 1920 level. The paper examines the trends in the relative skills and economic performance of Mexican immigrants, and contrasts this evolution with that experienced by other immigrants arriving in the United States during the period. The paper also examines the costs and benefits of this influx by examining how the Mexican influx has altered economic opportunities in the most affected labor markets and by discussing how the relative prices of goods and services produced by Mexican immigrants may have changed over time.},
	Author = {George J. Borjas and Lawrence F. Katz},
	Date-Added = {2013-02-07 08:59:41 +0000},
	Date-Modified = {2013-02-07 09:04:26 +0000},
	Institution = {National Bureau of Economic Research},
	Keywords = {low skill; Immigration},
	Month = {April},
	Number = {11281},
	Series = {Working Paper Series},
	Title = {The Evolution of the Mexican-Born Workforce in the United States},
	Type = {Working Paper},
	Year = {2005},
	Bdsk-File-1 = {YnBsaXN0MDDUAQIDBAUGJCVYJHZlcnNpb25YJG9iamVjdHNZJGFyY2hpdmVyVCR0b3ASAAGGoKgHCBMUFRYaIVUkbnVsbNMJCgsMDxJXTlMua2V5c1pOUy5vYmplY3RzViRjbGFzc6INDoACgAOiEBGABIAFgAdccmVsYXRpdmVQYXRoWWFsaWFzRGF0YV8QYS4uL3BhcGVycy9pbW1pZ3JhdGlvbkVmZmVjdHMvVGhlIEV2b2x1dGlvbiBvZiB0aGUgTWV4aWNhbi1Cb3JuIFdvcmtmb3JjZSBpbiB0aGUgVW5pdGVkIFN0YXRlcy5wZGbSFwsYGVdOUy5kYXRhTxECtAAAAAACtAACAAAMTWFjaW50b3NoIEhEAAAAAAAAAAAAAAAAAAAAzJGQ/0grAAAAkxByH1RoZSBFdm9sdXRpb24gb2YgdGhlI0RBOEU5NC5wZGYAAAAAAAAAAAAAAAAAAAAAAAAAAAAAAAAAAAAAAAAAAADajpTNOSumAAAAAAAAAAAAAQADAAAJIAAAAAAAAAAAAAAAAAAAABJpbW1pZ3JhdGlvbkVmZmVjdHMAEAAIAADMkXTfAAAAEQAIAADNOR2WAAAAAQAgAJMQcgCCT4wAYnzFABF1/gARbiIACMOYAAT9iAACDdcAAgB8TWFjaW50b3NoIEhEOlVzZXJzOgB0aGlsbzoARG9rdW1lbnRlOgBVbmk6AEJBOgBpbW1pZ3JhdGlvblRhc2tzOgBwYXBlcnM6AGltbWlncmF0aW9uRWZmZWN0czoAVGhlIEV2b2x1dGlvbiBvZiB0aGUjREE4RTk0LnBkZgAOAIoARABUAGgAZQAgAEUAdgBvAGwAdQB0AGkAbwBuACAAbwBmACAAdABoAGUAIABNAGUAeABpAGMAYQBuAC0AQgBvAHIAbgAgAFcAbwByAGsAZgBvAHIAYwBlACAAaQBuACAAdABoAGUAIABVAG4AaQB0AGUAZAAgAFMAdABhAHQAZQBzAC4AcABkAGYADwAaAAwATQBhAGMAaQBuAHQAbwBzAGgAIABIAEQAEgCMVXNlcnMvdGhpbG8vRG9rdW1lbnRlL1VuaS9CQS9pbW1pZ3JhdGlvblRhc2tzL3BhcGVycy9pbW1pZ3JhdGlvbkVmZmVjdHMvVGhlIEV2b2x1dGlvbiBvZiB0aGUgTWV4aWNhbi1Cb3JuIFdvcmtmb3JjZSBpbiB0aGUgVW5pdGVkIFN0YXRlcy5wZGYAEwABLwAAFQACAAz//wAAgAbSGxwdHlokY2xhc3NuYW1lWCRjbGFzc2VzXU5TTXV0YWJsZURhdGGjHR8gVk5TRGF0YVhOU09iamVjdNIbHCIjXE5TRGljdGlvbmFyeaIiIF8QD05TS2V5ZWRBcmNoaXZlctEmJ1Ryb290gAEACAARABoAIwAtADIANwBAAEYATQBVAGAAZwBqAGwAbgBxAHMAdQB3AIQAjgDyAPcA/wO3A7kDvgPJA9ID4APkA+sD9AP5BAYECQQbBB4EIwAAAAAAAAIBAAAAAAAAACgAAAAAAAAAAAAAAAAAAAQl},
	Bdsk-Url-1 = {http://www.nber.org/papers/w11281}}

@techreport{OttavianoPeri2006,
	Abstract = {This paper asks the following question: what was the effect of surging immigration on average and individual wages of U.S.-born workers during the period 1990-2004? We emphasize the need for a general equilibrium approach to analyze this problem. The impact of immigrants on wages of U.S.-born workers can be evaluated only by accounting carefully for labor market and capital market interactions in production. Using such a general equilibrium approach we estimate that immigrants are imperfect substitutes for U.S.- born workers within the same education-experience-gender group (because they choose different occupations and have different skills). Moreover, accounting for a reasonable speed of adjustment of physical capital we show that most of the wage effects of immigration accrue to native workers within a decade. These two facts imply a positive and significant effect of the 1990-2004 immigration on the average wage of U.S.-born workers overall, both in the short run and in the long run. This positive effect results from averaging a positive effect on wages of U.S.-born workers with at least a high school degree and a small negative effect on wages of U.S.-born workers with no high school degree.},
	Author = {Gianmarco I.P. Ottaviano and Giovanni Peri},
	Date-Added = {2013-02-05 16:27:27 +0000},
	Date-Modified = {2013-03-18 13:21:15 +0000},
	Institution = {National Bureau of Economic Research, Inc},
	Month = Aug,
	Number = {12497},
	Title = {Rethinking the Effects of Immigration on Wages},
	Type = {NBER Working Papers},
	Year = 2006,
	Bdsk-File-1 = {YnBsaXN0MDDUAQIDBAUGJCVYJHZlcnNpb25YJG9iamVjdHNZJGFyY2hpdmVyVCR0b3ASAAGGoKgHCBMUFRYaIVUkbnVsbNMJCgsMDxJXTlMua2V5c1pOUy5vYmplY3RzViRjbGFzc6INDoACgAOiEBGABIAFgAdccmVsYXRpdmVQYXRoWWFsaWFzRGF0YV8QUC4uL3BhcGVycy9pbW1pZ3JhdGlvbkVmZmVjdHMvUkVUSElOS0lORyBUSEUgRUZGRUNUUyBPRiBJTU1JR1JBVElPTiBPTiBXQUdFUyAucGRm0hcLGBlXTlMuZGF0YU8RAoIAAAAAAoIAAgAADE1hY2ludG9zaCBIRAAAAAAAAAAAAAAAAAAAAMyRkP9IKwAAAJMQch9SRVRISU5LSU5HIFRIRSBFRkZFQyNGRjgxMjIucGRmAAAAAAAAAAAAAAAAAAAAAAAAAAAAAAAAAAAAAAAAAAAA/4EizTbxWwAAAAAAAAAAAAEAAwAACSAAAAAAAAAAAAAAAAAAAAASaW1taWdyYXRpb25FZmZlY3RzABAACAAAzJF03wAAABEACAAAzTbjSwAAAAEAIACTEHIAgk+MAGJ8xQARdf4AEW4iAAjDmAAE/YgAAg3XAAIAfE1hY2ludG9zaCBIRDpVc2VyczoAdGhpbG86AERva3VtZW50ZToAVW5pOgBCQToAaW1taWdyYXRpb25UYXNrczoAcGFwZXJzOgBpbW1pZ3JhdGlvbkVmZmVjdHM6AFJFVEhJTktJTkcgVEhFIEVGRkVDI0ZGODEyMi5wZGYADgBoADMAUgBFAFQASABJAE4ASwBJAE4ARwAgAFQASABFACAARQBGAEYARQBDAFQAUwAgAE8ARgAgAEkATQBNAEkARwBSAEEAVABJAE8ATgAgAE8ATgAgAFcAQQBHAEUAUwAgAC4AcABkAGYADwAaAAwATQBhAGMAaQBuAHQAbwBzAGgAIABIAEQAEgB7VXNlcnMvdGhpbG8vRG9rdW1lbnRlL1VuaS9CQS9pbW1pZ3JhdGlvblRhc2tzL3BhcGVycy9pbW1pZ3JhdGlvbkVmZmVjdHMvUkVUSElOS0lORyBUSEUgRUZGRUNUUyBPRiBJTU1JR1JBVElPTiBPTiBXQUdFUyAucGRmAAATAAEvAAAVAAIADP//AACABtIbHB0eWiRjbGFzc25hbWVYJGNsYXNzZXNdTlNNdXRhYmxlRGF0YaMdHyBWTlNEYXRhWE5TT2JqZWN00hscIiNcTlNEaWN0aW9uYXJ5oiIgXxAPTlNLZXllZEFyY2hpdmVy0SYnVHJvb3SAAQAIABEAGgAjAC0AMgA3AEAARgBNAFUAYABnAGoAbABuAHEAcwB1AHcAhACOAOEA5gDuA3QDdgN7A4YDjwOdA6EDqAOxA7YDwwPGA9gD2wPgAAAAAAAAAgEAAAAAAAAAKAAAAAAAAAAAAAAAAAAAA+I=},
	Bdsk-Url-1 = {http://ideas.repec.org/p/nbr/nberwo/12497.html}}

@article{GoosManningSalomons2009,
	Abstract = {No abstract is available for this item.},
	Author = {Maarten Goos and Alan Manning and Anna Salomons},
	Date-Added = {2013-01-28 21:03:44 +0000},
	Date-Modified = {2013-03-18 14:26:14 +0000},
	Journal = {American Economic Review},
	Month = {May},
	Number = {2},
	Pages = {58-63},
	Read = {1},
	Title = {Job Polarization in Europe},
	Volume = {99},
	Year = 2009,
	Bdsk-File-1 = {YnBsaXN0MDDUAQIDBAUGJCVYJHZlcnNpb25YJG9iamVjdHNZJGFyY2hpdmVyVCR0b3ASAAGGoKgHCBMUFRYaIVUkbnVsbNMJCgsMDxJXTlMua2V5c1pOUy5vYmplY3RzViRjbGFzc6INDoACgAOiEBGABIAFgAdccmVsYXRpdmVQYXRoWWFsaWFzRGF0YV8QLS4uL3BhcGVycy9EQVRBL0pvYiBQb2xhcml6YXRpb24gaW4gRXVyb3BlLnBkZtIXCxgZV05TLmRhdGFPEQIYAAAAAAIYAAIAAAxNYWNpbnRvc2ggSEQAAAAAAAAAAAAAAAAAAADMkZD/SCsAAADPtdAeSm9iIFBvbGFyaXphdGlvbiBpbiBFdXJvcGUucGRmAAAAAAAAAAAAAAAAAAAAAAAAAAAAAAAAAAAAAAAAAAAAANDJAM0spikAAAAAAAAAAAABAAMAAAkgAAAAAAAAAAAAAAAAAAAABERBVEEAEAAIAADMkXTfAAAAEQAIAADNLJgZAAAAAQAgAM+10ACCT4wAYnzFABF1/gARbiIACMOYAAT9iAACDdcAAgBtTWFjaW50b3NoIEhEOlVzZXJzOgB0aGlsbzoARG9rdW1lbnRlOgBVbmk6AEJBOgBpbW1pZ3JhdGlvblRhc2tzOgBwYXBlcnM6AERBVEE6AEpvYiBQb2xhcml6YXRpb24gaW4gRXVyb3BlLnBkZgAADgA+AB4ASgBvAGIAIABQAG8AbABhAHIAaQB6AGEAdABpAG8AbgAgAGkAbgAgAEUAdQByAG8AcABlAC4AcABkAGYADwAaAAwATQBhAGMAaQBuAHQAbwBzAGgAIABIAEQAEgBYVXNlcnMvdGhpbG8vRG9rdW1lbnRlL1VuaS9CQS9pbW1pZ3JhdGlvblRhc2tzL3BhcGVycy9EQVRBL0pvYiBQb2xhcml6YXRpb24gaW4gRXVyb3BlLnBkZgATAAEvAAAVAAIADP//AACABtIbHB0eWiRjbGFzc25hbWVYJGNsYXNzZXNdTlNNdXRhYmxlRGF0YaMdHyBWTlNEYXRhWE5TT2JqZWN00hscIiNcTlNEaWN0aW9uYXJ5oiIgXxAPTlNLZXllZEFyY2hpdmVy0SYnVHJvb3SAAQAIABEAGgAjAC0AMgA3AEAARgBNAFUAYABnAGoAbABuAHEAcwB1AHcAhACOAL4AwwDLAucC6QLuAvkDAgMQAxQDGwMkAykDNgM5A0sDTgNTAAAAAAAAAgEAAAAAAAAAKAAAAAAAAAAAAAAAAAAAA1U=},
	Bdsk-Url-1 = {http://ideas.repec.org/a/aea/aecrev/v99y2009i2p58-63.html}}

@techreport{Borjas2006,
	Abstract = {The rapid growth in the number of foreign students enrolled in American universities has transformed the higher education system, particularly at the graduate level. Many of these newly minted doctorates remain in the United States after receiving their doctoral degrees, so that the foreign student influx can have a significant impact in the labor market for high-skill workers. Using data drawn from the Survey of Earned Doctorates and the Survey of Doctoral Recipients, the study shows that a foreign student influx into a particular doctoral field at a particular time had a significant and adverse effect on the earnings of doctorates in that field who graduated at roughly the same time. A 10 percent immigration-induced increase in the supply of doctorates lowers the wage of competing workers by about 3 to 4 percent. About half of this adverse wage effect can be attributed to the increased prevalence of low-pay postdoctoral appointments in fields that have softer labor market conditions because of large-scale immigration.},
	Annote = {only wage effects!},
	Author = {George J. Borjas},
	Date-Added = {2013-01-25 14:04:21 +0000},
	Date-Modified = {2013-02-07 08:37:43 +0000},
	Institution = {National Bureau of Economic Research, Inc},
	Keywords = {wages},
	Month = Mar,
	Number = {12085},
	Read = {1},
	Title = {Immigration in High-Skill Labor Markets: The Impact of Foreign Students on the Earnings of Doctorates},
	Type = {NBER Working Papers},
	Year = 2006,
	Bdsk-File-1 = {YnBsaXN0MDDUAQIDBAUGJCVYJHZlcnNpb25YJG9iamVjdHNZJGFyY2hpdmVyVCR0b3ASAAGGoKgHCBMUFRYaIVUkbnVsbNMJCgsMDxJXTlMua2V5c1pOUy5vYmplY3RzViRjbGFzc6INDoACgAOiEBGABIAFgAdccmVsYXRpdmVQYXRoWWFsaWFzRGF0YV8Qhi4uL3BhcGVycy9pbW1pZ3JhdGlvbkVmZmVjdHMvSW1taWdyYXRpb24gaW4gSGlnaC1Ta2lsbCBMYWJvciBNYXJrZXRzLSBUaGUgSW1wYWN0IG9mIEZvcmVpZ24gU3R1ZGVudHMgb24gdGhlIEVhcm5pbmdzIG9mIERvY3RvcmF0ZXMucGRm0hcLGBlXTlMuZGF0YU8RAyQAAAAAAyQAAgAADE1hY2ludG9zaCBIRAAAAAAAAAAAAAAAAAAAAMyRkP9IKwAAAJMQch9JbW1pZ3JhdGlvbiBpbiBIaWdoLSNDRDMzNEQucGRmAAAAAAAAAAAAAAAAAAAAAAAAAAAAAAAAAAAAAAAAAAAAzTNNzShPIQAAAAAAAAAAAAEAAwAACSAAAAAAAAAAAAAAAAAAAAASaW1taWdyYXRpb25FZmZlY3RzABAACAAAzJF03wAAABEACAAAzShBEQAAAAEAIACTEHIAgk+MAGJ8xQARdf4AEW4iAAjDmAAE/YgAAg3XAAIAfE1hY2ludG9zaCBIRDpVc2VyczoAdGhpbG86AERva3VtZW50ZToAVW5pOgBCQToAaW1taWdyYXRpb25UYXNrczoAcGFwZXJzOgBpbW1pZ3JhdGlvbkVmZmVjdHM6AEltbWlncmF0aW9uIGluIEhpZ2gtI0NEMzM0RC5wZGYADgDUAGkASQBtAG0AaQBnAHIAYQB0AGkAbwBuACAAaQBuACAASABpAGcAaAAtAFMAawBpAGwAbAAgAEwAYQBiAG8AcgAgAE0AYQByAGsAZQB0AHMALQAgAFQAaABlACAASQBtAHAAYQBjAHQAIABvAGYAIABGAG8AcgBlAGkAZwBuACAAUwB0AHUAZABlAG4AdABzACAAbwBuACAAdABoAGUAIABFAGEAcgBuAGkAbgBnAHMAIABvAGYAIABEAG8AYwB0AG8AcgBhAHQAZQBzAC4AcABkAGYADwAaAAwATQBhAGMAaQBuAHQAbwBzAGgAIABIAEQAEgCxVXNlcnMvdGhpbG8vRG9rdW1lbnRlL1VuaS9CQS9pbW1pZ3JhdGlvblRhc2tzL3BhcGVycy9pbW1pZ3JhdGlvbkVmZmVjdHMvSW1taWdyYXRpb24gaW4gSGlnaC1Ta2lsbCBMYWJvciBNYXJrZXRzLSBUaGUgSW1wYWN0IG9mIEZvcmVpZ24gU3R1ZGVudHMgb24gdGhlIEVhcm5pbmdzIG9mIERvY3RvcmF0ZXMucGRmAAATAAEvAAAVAAIADP//AACABtIbHB0eWiRjbGFzc25hbWVYJGNsYXNzZXNdTlNNdXRhYmxlRGF0YaMdHyBWTlNEYXRhWE5TT2JqZWN00hscIiNcTlNEaWN0aW9uYXJ5oiIgXxAPTlNLZXllZEFyY2hpdmVy0SYnVHJvb3SAAQAIABEAGgAjAC0AMgA3AEAARgBNAFUAYABnAGoAbABuAHEAcwB1AHcAhACOARcBHAEkBEwETgRTBF4EZwR1BHkEgASJBI4EmwSeBLAEswS4AAAAAAAAAgEAAAAAAAAAKAAAAAAAAAAAAAAAAAAABLo=},
	Bdsk-Url-1 = {http://ideas.repec.org/p/nbr/nberwo/12085.html}}

@article{SECO2012,
	Author = {SECO},
	Date-Added = {2013-01-24 13:37:48 +0000},
	Date-Modified = {2013-01-24 14:32:29 +0000},
	Journal = {8. Bericht des Observatoriums zum Freizuegigkeitsabkommen Schweiz-EU},
	Keywords = {switzerland},
	Month = {May},
	Read = {1},
	Title = {Auswirkungen der Personenfreizuegigkeit auf den Schweizer Arbeitsmarkt},
	Year = {2012},
	Bdsk-File-1 = {YnBsaXN0MDDUAQIDBAUGJCVYJHZlcnNpb25YJG9iamVjdHNZJGFyY2hpdmVyVCR0b3ASAAGGoKgHCBMUFRYaIVUkbnVsbNMJCgsMDxJXTlMua2V5c1pOUy5vYmplY3RzViRjbGFzc6INDoACgAOiEBGABIAFgAdccmVsYXRpdmVQYXRoWWFsaWFzRGF0YV8QMi4uL3BhcGVycy9zd2l0emVybGFuZC9vYnNlcnZhdG9yaXVtc2JlcmljaHQ4LWQucGRm0hcLGBlXTlMuZGF0YU8RAiYAAAAAAiYAAgAADE1hY2ludG9zaCBIRAAAAAAAAAAAAAAAAAAAAMyRkP9IKwAAAJj/ZRxvYnNlcnZhdG9yaXVtc2JlcmljaHQ4LWQucGRmAAAAAAAAAAAAAAAAAAAAAAAAAAAAAAAAAAAAAAAAAAAAAAAA7+SOzSWf8AAAAAAAAAAAAAEAAwAACSAAAAAAAAAAAAAAAAAAAAALc3dpdHplcmxhbmQAABAACAAAzJF03wAAABEACAAAzSWR4AAAAAEAIACY/2UAgk+MAGJ8xQARdf4AEW4iAAjDmAAE/YgAAg3XAAIAck1hY2ludG9zaCBIRDpVc2VyczoAdGhpbG86AERva3VtZW50ZToAVW5pOgBCQToAaW1taWdyYXRpb25UYXNrczoAcGFwZXJzOgBzd2l0emVybGFuZDoAb2JzZXJ2YXRvcml1bXNiZXJpY2h0OC1kLnBkZgAOADoAHABvAGIAcwBlAHIAdgBhAHQAbwByAGkAdQBtAHMAYgBlAHIAaQBjAGgAdAA4AC0AZAAuAHAAZABmAA8AGgAMAE0AYQBjAGkAbgB0AG8AcwBoACAASABEABIAXVVzZXJzL3RoaWxvL0Rva3VtZW50ZS9VbmkvQkEvaW1taWdyYXRpb25UYXNrcy9wYXBlcnMvc3dpdHplcmxhbmQvb2JzZXJ2YXRvcml1bXNiZXJpY2h0OC1kLnBkZgAAEwABLwAAFQACAAz//wAAgAbSGxwdHlokY2xhc3NuYW1lWCRjbGFzc2VzXU5TTXV0YWJsZURhdGGjHR8gVk5TRGF0YVhOU09iamVjdNIbHCIjXE5TRGljdGlvbmFyeaIiIF8QD05TS2V5ZWRBcmNoaXZlctEmJ1Ryb290gAEACAARABoAIwAtADIANwBAAEYATQBVAGAAZwBqAGwAbgBxAHMAdQB3AIQAjgDDAMgA0AL6AvwDAQMMAxUDIwMnAy4DNwM8A0kDTANeA2EDZgAAAAAAAAIBAAAAAAAAACgAAAAAAAAAAAAAAAAAAANo},
	Bdsk-File-2 = {YnBsaXN0MDDUAQIDBAUGJCVYJHZlcnNpb25YJG9iamVjdHNZJGFyY2hpdmVyVCR0b3ASAAGGoKgHCBMUFRYaIVUkbnVsbNMJCgsMDxJXTlMua2V5c1pOUy5vYmplY3RzViRjbGFzc6INDoACgAOiEBGABIAFgAdccmVsYXRpdmVQYXRoWWFsaWFzRGF0YV8QNS4uL3N1bW1hcmllcy9Td2l0emVybGFuZC9vYnNlcnZhdG9yaXVtc2JlcmljaHQ4LWQucGRm0hcLGBlXTlMuZGF0YU8RAiwAAAAAAiwAAgAADE1hY2ludG9zaCBIRAAAAAAAAAAAAAAAAAAAAMyRkP9IKwAAAMvZOBxvYnNlcnZhdG9yaXVtc2JlcmljaHQ4LWQucGRmAAAAAAAAAAAAAAAAAAAAAAAAAAAAAAAAAAAAAAAAAAAAAAAAy90zzSbslgAAAAAAAAAAAAEAAwAACSAAAAAAAAAAAAAAAAAAAAALU3dpdHplcmxhbmQAABAACAAAzJF03wAAABEACAAAzSbehgAAAAEAIADL2TgAgZvoAGJ8xQARdf4AEW4iAAjDmAAE/YgAAg3XAAIAdU1hY2ludG9zaCBIRDpVc2VyczoAdGhpbG86AERva3VtZW50ZToAVW5pOgBCQToAaW1taWdyYXRpb25UYXNrczoAc3VtbWFyaWVzOgBTd2l0emVybGFuZDoAb2JzZXJ2YXRvcml1bXNiZXJpY2h0OC1kLnBkZgAADgA6ABwAbwBiAHMAZQByAHYAYQB0AG8AcgBpAHUAbQBzAGIAZQByAGkAYwBoAHQAOAAtAGQALgBwAGQAZgAPABoADABNAGEAYwBpAG4AdABvAHMAaAAgAEgARAASAGBVc2Vycy90aGlsby9Eb2t1bWVudGUvVW5pL0JBL2ltbWlncmF0aW9uVGFza3Mvc3VtbWFyaWVzL1N3aXR6ZXJsYW5kL29ic2VydmF0b3JpdW1zYmVyaWNodDgtZC5wZGYAEwABLwAAFQACAAz//wAAgAbSGxwdHlokY2xhc3NuYW1lWCRjbGFzc2VzXU5TTXV0YWJsZURhdGGjHR8gVk5TRGF0YVhOU09iamVjdNIbHCIjXE5TRGljdGlvbmFyeaIiIF8QD05TS2V5ZWRBcmNoaXZlctEmJ1Ryb290gAEACAARABoAIwAtADIANwBAAEYATQBVAGAAZwBqAGwAbgBxAHMAdQB3AIQAjgDGAMsA0wMDAwUDCgMVAx4DLAMwAzcDQANFA1IDVQNnA2oDbwAAAAAAAAIBAAAAAAAAACgAAAAAAAAAAAAAAAAAAANx}}

@techreport{Favre2011,
	Abstract = {Recent immigrants in Switzerland are overrepresented at the top of the wage distribution in high and at the bottom in low skill occupations. Basic economic theory thus suggests that immigration has led to a compression of the wage distribution in the former group and to an expansion in the latter. The data confirm this proposition for high skill occupations, but reveal effects close to zero for low skill occupations. While the estimated wage effects are of considerable magnitude at the tails of the wage distribution in high skill occupations, the effects on overall inequality are shown to be negligible.},
	Author = {Sandro Favre},
	Date-Added = {2013-01-24 13:36:19 +0000},
	Date-Modified = {2013-01-24 14:34:18 +0000},
	Institution = {The Austrian Center for Labor Economics and the Analysis of the Welfare State, Johannes Kepler University Linz, Austria},
	Keywords = {Immigration; Wage Distribution; Occupation Groups; Inequality;switzerland},
	Month = Aug,
	Number = {2011-08},
	Title = {The Impact of Immigration on the Wage Distribution in Switzerland},
	Type = {NRN working papers},
	Year = 2011,
	Bdsk-File-1 = {YnBsaXN0MDDUAQIDBAUGJCVYJHZlcnNpb25YJG9iamVjdHNZJGFyY2hpdmVyVCR0b3ASAAGGoKgHCBMUFRYaIVUkbnVsbNMJCgsMDxJXTlMua2V5c1pOUy5vYmplY3RzViRjbGFzc6INDoACgAOiEBGABIAFgAdccmVsYXRpdmVQYXRoWWFsaWFzRGF0YV8QWy4uL3BhcGVycy9zd2l0emVybGFuZC9UaGUgSW1wYWN0IG9mIEltbWlncmF0aW9uIG9uIHRoZSBXYWdlIERpc3RyaWJ1dGlvbiBpbiBTd2l0emVybGFuZC5wZGbSFwsYGVdOUy5kYXRhTxECpAAAAAACpAACAAAMTWFjaW50b3NoIEhEAAAAAAAAAAAAAAAAAAAAzJGQ/0grAAAAmP9lH1RoZSBJbXBhY3Qgb2YgSW1taWcjMTA2NjBDMC5wZGYAAAAAAAAAAAAAAAAAAAAAAAAAAAAAAAAAAAAAAAAAAAEGYMDNJvVOAAAAAAAAAAAAAQADAAAJIAAAAAAAAAAAAAAAAAAAAAtzd2l0emVybGFuZAAAEAAIAADMkXTfAAAAEQAIAADNJuc+AAAAAQAgAJj/ZQCCT4wAYnzFABF1/gARbiIACMOYAAT9iAACDdcAAgB1TWFjaW50b3NoIEhEOlVzZXJzOgB0aGlsbzoARG9rdW1lbnRlOgBVbmk6AEJBOgBpbW1pZ3JhdGlvblRhc2tzOgBwYXBlcnM6AHN3aXR6ZXJsYW5kOgBUaGUgSW1wYWN0IG9mIEltbWlnIzEwNjYwQzAucGRmAAAOAIwARQBUAGgAZQAgAEkAbQBwAGEAYwB0ACAAbwBmACAASQBtAG0AaQBnAHIAYQB0AGkAbwBuACAAbwBuACAAdABoAGUAIABXAGEAZwBlACAARABpAHMAdAByAGkAYgB1AHQAaQBvAG4AIABpAG4AIABTAHcAaQB0AHoAZQByAGwAYQBuAGQALgBwAGQAZgAPABoADABNAGEAYwBpAG4AdABvAHMAaAAgAEgARAASAIZVc2Vycy90aGlsby9Eb2t1bWVudGUvVW5pL0JBL2ltbWlncmF0aW9uVGFza3MvcGFwZXJzL3N3aXR6ZXJsYW5kL1RoZSBJbXBhY3Qgb2YgSW1taWdyYXRpb24gb24gdGhlIFdhZ2UgRGlzdHJpYnV0aW9uIGluIFN3aXR6ZXJsYW5kLnBkZgATAAEvAAAVAAIADP//AACABtIbHB0eWiRjbGFzc25hbWVYJGNsYXNzZXNdTlNNdXRhYmxlRGF0YaMdHyBWTlNEYXRhWE5TT2JqZWN00hscIiNcTlNEaWN0aW9uYXJ5oiIgXxAPTlNLZXllZEFyY2hpdmVy0SYnVHJvb3SAAQAIABEAGgAjAC0AMgA3AEAARgBNAFUAYABnAGoAbABuAHEAcwB1AHcAhACOAOwA8QD5A6EDowOoA7MDvAPKA84D1QPeA+MD8APzBAUECAQNAAAAAAAAAgEAAAAAAAAAKAAAAAAAAAAAAAAAAAAABA8=},
	Bdsk-Url-1 = {http://ideas.repec.org/p/jku/nrnwps/2011_08.html}}

@article{GerfinKaiser2010,
	Abstract = {This paper investigates how recent immigration inflows from 2002 to 2008 have affected wages in Switzerland. This period is of particular interest as it marks the time during which the bilateral agreement with the EU on the free crossborder movement of workers has been effective. Since different types of workers are likely to be unevenly affected by recent immigration inflows, we follow the \&quot;structural skill-cell approach\&quot; as for example employed by Borjas (2003) and Ottaviano and Peri (2008). This paper provides two main contributions. First, we estimate empirically the elasticities of substitution between different types of workers in Switzerland. Our results suggest that natives and immigrants are imperfect substitutes. Regarding different skill levels, the estimates indicate that workers are imperfect substitutes across broad education groups and across different experience groups. Second, the estimated elasticities of substitution are used to simulate the impact on domestic wages using the actual immigration inflows from 2002 to 2008. For the long run, the simulations produce some notable distributional consequences across different types of workers: While previous immigrants incur wage losses (-1.6\%), native workers are not negatively affected on average (+0.4\%). In the short run, immigration has a negative macroeconomic effect on the average wage, which, however, gradually dies out in the process of capital adjustment.},
	Author = {Michael Gerfin and Boris Kaiser},
	Date-Added = {2013-01-24 13:34:26 +0000},
	Date-Modified = {2013-01-25 13:39:23 +0000},
	Journal = {Swiss Journal of Economics and Statistics (SJES)},
	Keywords = {immigration; wages; labour demand; labour supply; skill groups; elasticity of substitution;switzerland},
	Month = {December},
	Number = {IV},
	Pages = {709-739},
	Read = {1},
	Title = {The Effects of Immigration on Wages: An Application of the Structural Skill-Cell Approach},
	Volume = {146},
	Year = 2010,
	Bdsk-File-1 = {YnBsaXN0MDDUAQIDBAUGJCVYJHZlcnNpb25YJG9iamVjdHNZJGFyY2hpdmVyVCR0b3ASAAGGoKgHCBMUFRYaIVUkbnVsbNMJCgsMDxJXTlMua2V5c1pOUy5vYmplY3RzViRjbGFzc6INDoACgAOiEBGABIAFgAdccmVsYXRpdmVQYXRoWWFsaWFzRGF0YV8QdC4uL3BhcGVycy9zd2l0emVybGFuZC9UaGUgRWZmZWN0cyBvZiBJbW1pZ3JhdGlvbiBvbiBXYWdlcy0gQW4gQXBwbGljYXRpb24gb2YgIHRoZSBTdHJ1Y3R1cmFsIFNraWxsLUNlbGwgQXBwcm9hY2gucGRm0hcLGBlXTlMuZGF0YU8RAvAAAAAAAvAAAgAADE1hY2ludG9zaCBIRAAAAAAAAAAAAAAAAAAAAMyRkP9IKwAAAJj/ZR9UaGUgRWZmZWN0cyBvZiBJbW1pZyNDRDA4MUIucGRmAAAAAAAAAAAAAAAAAAAAAAAAAAAAAAAAAAAAAAAAAAAAzQgbzSb23QAAAAAAAAAAAAEAAwAACSAAAAAAAAAAAAAAAAAAAAALc3dpdHplcmxhbmQAABAACAAAzJF03wAAABEACAAAzSbozQAAAAEAIACY/2UAgk+MAGJ8xQARdf4AEW4iAAjDmAAE/YgAAg3XAAIAdU1hY2ludG9zaCBIRDpVc2VyczoAdGhpbG86AERva3VtZW50ZToAVW5pOgBCQToAaW1taWdyYXRpb25UYXNrczoAcGFwZXJzOgBzd2l0emVybGFuZDoAVGhlIEVmZmVjdHMgb2YgSW1taWcjQ0QwODFCLnBkZgAADgC+AF4AVABoAGUAIABFAGYAZgBlAGMAdABzACAAbwBmACAASQBtAG0AaQBnAHIAYQB0AGkAbwBuACAAbwBuACAAVwBhAGcAZQBzAC0AIABBAG4AIABBAHAAcABsAGkAYwBhAHQAaQBvAG4AIABvAGYAIAAgAHQAaABlACAAUwB0AHIAdQBjAHQAdQByAGEAbAAgAFMAawBpAGwAbAAtAEMAZQBsAGwAIABBAHAAcAByAG8AYQBjAGgALgBwAGQAZgAPABoADABNAGEAYwBpAG4AdABvAHMAaAAgAEgARAASAJ9Vc2Vycy90aGlsby9Eb2t1bWVudGUvVW5pL0JBL2ltbWlncmF0aW9uVGFza3MvcGFwZXJzL3N3aXR6ZXJsYW5kL1RoZSBFZmZlY3RzIG9mIEltbWlncmF0aW9uIG9uIFdhZ2VzLSBBbiBBcHBsaWNhdGlvbiBvZiAgdGhlIFN0cnVjdHVyYWwgU2tpbGwtQ2VsbCBBcHByb2FjaC5wZGYAABMAAS8AABUAAgAM//8AAIAG0hscHR5aJGNsYXNzbmFtZVgkY2xhc3Nlc11OU011dGFibGVEYXRhox0fIFZOU0RhdGFYTlNPYmplY3TSGxwiI1xOU0RpY3Rpb25hcnmiIiBfEA9OU0tleWVkQXJjaGl2ZXLRJidUcm9vdIABAAgAEQAaACMALQAyADcAQABGAE0AVQBgAGcAagBsAG4AcQBzAHUAdwCEAI4BBQEKARIEBgQIBA0EGAQhBC8EMwQ6BEMESARVBFgEagRtBHIAAAAAAAACAQAAAAAAAAAoAAAAAAAAAAAAAAAAAAAEdA==},
	Bdsk-Url-1 = {http://ideas.repec.org/a/ses/arsjes/2010-iv-5.html}}

@article{Gross2006,
	Author = {Dominique M. Gross},
	Date-Added = {2013-01-22 16:45:16 +0000},
	Date-Modified = {2013-01-22 16:46:39 +0000},
	Journal = {World Bank Policy Research Working Paper},
	Keywords = {switzerland},
	Masid = {57100274},
	Month = {April},
	Number = {3880},
	Title = {{Immigration to Switzerland - the case of the Former Republic of Yugoslavia}},
	Year = {2006},
	Bdsk-File-1 = {YnBsaXN0MDDUAQIDBAUGJCVYJHZlcnNpb25YJG9iamVjdHNZJGFyY2hpdmVyVCR0b3ASAAGGoKgHCBMUFRYaIVUkbnVsbNMJCgsMDxJXTlMua2V5c1pOUy5vYmplY3RzViRjbGFzc6INDoACgAOiEBGABIAFgAdccmVsYXRpdmVQYXRoWWFsaWFzRGF0YV8QZC4uL3BhcGVycy9zd2l0emVybGFuZC9JbW1pZ3JhdGlvbiB0byBTd2l0emVybGFuZCAtIFRoZSBDYXNlIG9mIHRoZSBGb3JtZXIgUmVwdWJsaWMgb2YgWXVnb3NsYXZpYS5wZGbSFwsYGVdOUy5kYXRhTxECwAAAAAACwAACAAAMTWFjaW50b3NoIEhEAAAAAAAAAAAAAAAAAAAAzJGQ/0grAAAAmP9lH0ltbWlncmF0aW9uIHRvIFN3aXR6I0M4OUMzRi5wZGYAAAAAAAAAAAAAAAAAAAAAAAAAAAAAAAAAAAAAAAAAAADInD/NJHiHAAAAAAAAAAAAAQADAAAJIAAAAAAAAAAAAAAAAAAAAAtzd2l0emVybGFuZAAAEAAIAADMkXTfAAAAEQAIAADNJGp3AAAAAQAgAJj/ZQCCT4wAYnzFABF1/gARbiIACMOYAAT9iAACDdcAAgB1TWFjaW50b3NoIEhEOlVzZXJzOgB0aGlsbzoARG9rdW1lbnRlOgBVbmk6AEJBOgBpbW1pZ3JhdGlvblRhc2tzOgBwYXBlcnM6AHN3aXR6ZXJsYW5kOgBJbW1pZ3JhdGlvbiB0byBTd2l0eiNDODlDM0YucGRmAAAOAJ4ATgBJAG0AbQBpAGcAcgBhAHQAaQBvAG4AIAB0AG8AIABTAHcAaQB0AHoAZQByAGwAYQBuAGQAIAAtACAAVABoAGUAIABDAGEAcwBlACAAbwBmACAAdABoAGUAIABGAG8AcgBtAGUAcgAgAFIAZQBwAHUAYgBsAGkAYwAgAG8AZgAgAFkAdQBnAG8AcwBsAGEAdgBpAGEALgBwAGQAZgAPABoADABNAGEAYwBpAG4AdABvAHMAaAAgAEgARAASAI9Vc2Vycy90aGlsby9Eb2t1bWVudGUvVW5pL0JBL2ltbWlncmF0aW9uVGFza3MvcGFwZXJzL3N3aXR6ZXJsYW5kL0ltbWlncmF0aW9uIHRvIFN3aXR6ZXJsYW5kIC0gVGhlIENhc2Ugb2YgdGhlIEZvcm1lciBSZXB1YmxpYyBvZiBZdWdvc2xhdmlhLnBkZgAAEwABLwAAFQACAAz//wAAgAbSGxwdHlokY2xhc3NuYW1lWCRjbGFzc2VzXU5TTXV0YWJsZURhdGGjHR8gVk5TRGF0YVhOU09iamVjdNIbHCIjXE5TRGljdGlvbmFyeaIiIF8QD05TS2V5ZWRBcmNoaXZlctEmJ1Ryb290gAEACAARABoAIwAtADIANwBAAEYATQBVAGAAZwBqAGwAbgBxAHMAdQB3AIQAjgD1APoBAgPGA8gDzQPYA+ED7wPzA/oEAwQIBBUEGAQqBC0EMgAAAAAAAAIBAAAAAAAAACgAAAAAAAAAAAAAAAAAAAQ0}}

@techreport{OeschMenes2010,
	Abstract = {We analyze the pattern of occupational change over the last two decades in Britain, Germany, Spain and Switzerland: which jobs have been expanding -- high-paid jobs, low-paid jobs or both? Based on individual-level data, we examine what hypothesis is most consistent with the observed change: skill-biased technical change, routinization, skill supply evolution or wage-setting institutions? Our analysis reveals massive occupational upgrading that closely matches educational expansion: employment expanded most at the top of the occupational hierarchy, among managers and professionals. In parallel, mid-range occupations (clerks and production workers) declined relative to those at the bottom (interpersonal service workers). This U-shaped pattern of upgrading is consistent with the routinization hypothesis: technology seems a better substitute for average-paid clerical and manufacturing jobs than for low-end service employment. Yet country differences in low-paid service job creation suggest that wage-setting institutions play an important role, channelling technological change into more or less polarized patterns of upgrading.},
	Author = {Oesch, Daniel and Rodriguez Menes, Jorge},
	Date-Added = {2013-01-22 16:23:47 +0000},
	Date-Modified = {2013-03-18 14:31:49 +0000},
	Institution = {University Library of Munich, Germany},
	Keywords = {employment; labour market institutions; technological change; inequality; occupations; switzerland},
	Month = Jan,
	Number = {21040},
	Read = {1},
	Title = {Upgrading or polarization? Occupational change in Britain, Germany, Spain and Switzerland, 1990-2008},
	Type = {MPRA Paper},
	Year = 2010,
	Bdsk-File-1 = {YnBsaXN0MDDUAQIDBAUGJCVYJHZlcnNpb25YJG9iamVjdHNZJGFyY2hpdmVyVCR0b3ASAAGGoKgHCBMUFRYaIVUkbnVsbNMJCgsMDxJXTlMua2V5c1pOUy5vYmplY3RzViRjbGFzc6INDoACgAOiEBGABIAFgAdccmVsYXRpdmVQYXRoWWFsaWFzRGF0YW8QfgAuAC4ALwBwAGEAcABlAHIAcwAvAHMAdwBpAHQAegBlAHIAbABhAG4AZAAvAFUAcABnAHIAYQBkAGkAbgBnACAAbwByACAAcABvAGwAYQByAGkAegBhAHQAaQBvAG4APwAgAE8AYwBjAHUAcABhAHQAaQBvAG4AYQBsACAAYwBoAGEAbgBnAGUAIABpAG4AIABCAHIAaQB0AGEAaQBuACwAIABHAGUAcgBtAGEAbgB5ACwAIABTAHAAYQBpAG4AIABhAG4AZAAgAFMAdwBpAHQAegBlAHIAbABhAG4AZAAsACAAMQA5ADkAMCATADIAMAAwADgALgBwAGQAZtIXCxgZV05TLmRhdGFPEQMQAAAAAAMQAAIAAAxNYWNpbnRvc2ggSEQAAAAAAAAAAAAAAAAAAADMkZD/SCsAAACY/2UfVXBncmFkaW5nIG9yIHBvbGFyaXojQ0ExNDBCLnBkZgAAAAAAAAAAAAAAAAAAAAAAAAAAAAAAAAAAAAAAAAAAAMoUC80keZIAAAAAAAAAAAABAAMAAAkgAAAAAAAAAAAAAAAAAAAAC3N3aXR6ZXJsYW5kAAAQAAgAAMyRdN8AAAARAAgAAM0ka4IAAAABACAAmP9lAIJPjABifMUAEXX+ABFuIgAIw5gABP2IAAIN1wACAHVNYWNpbnRvc2ggSEQ6VXNlcnM6AHRoaWxvOgBEb2t1bWVudGU6AFVuaToAQkE6AGltbWlncmF0aW9uVGFza3M6AHBhcGVyczoAc3dpdHplcmxhbmQ6AFVwZ3JhZGluZyBvciBwb2xhcml6I0NBMTQwQi5wZGYAAA4A0gBoAFUAcABnAHIAYQBkAGkAbgBnACAAbwByACAAcABvAGwAYQByAGkAegBhAHQAaQBvAG4APwAgAE8AYwBjAHUAcABhAHQAaQBvAG4AYQBsACAAYwBoAGEAbgBnAGUAIABpAG4AIABCAHIAaQB0AGEAaQBuACwAIABHAGUAcgBtAGEAbgB5ACwAIABTAHAAYQBpAG4AIABhAG4AZAAgAFMAdwBpAHQAegBlAHIAbABhAG4AZAAsACAAMQA5ADkAMCATADIAMAAwADgALgBwAGQAZgAPABoADABNAGEAYwBpAG4AdABvAHMAaAAgAEgARAASAKtVc2Vycy90aGlsby9Eb2t1bWVudGUvVW5pL0JBL2ltbWlncmF0aW9uVGFza3MvcGFwZXJzL3N3aXR6ZXJsYW5kL1VwZ3JhZGluZyBvciBwb2xhcml6YXRpb24/IE9jY3VwYXRpb25hbCBjaGFuZ2UgaW4gQnJpdGFpbiwgR2VybWFueSwgU3BhaW4gYW5kIFN3aXR6ZXJsYW5kLCAxOTkw4oCTMjAwOC5wZGYAABMAAS8AABUAAgAM//8AAIAG0hscHR5aJGNsYXNzbmFtZVgkY2xhc3Nlc11OU011dGFibGVEYXRhox0fIFZOU0RhdGFYTlNPYmplY3TSGxwiI1xOU0RpY3Rpb25hcnmiIiBfEA9OU0tleWVkQXJjaGl2ZXLRJidUcm9vdIABAAgAEQAaACMALQAyADcAQABGAE0AVQBgAGcAagBsAG4AcQBzAHUAdwCEAI4BjQGSAZoErgSwBLUEwATJBNcE2wTiBOsE8AT9BQAFEgUVBRoAAAAAAAACAQAAAAAAAAAoAAAAAAAAAAAAAAAAAAAFHA==},
	Bdsk-Url-1 = {http://ideas.repec.org/p/pra/mprapa/21040.html}}

@article{Kahn2004,
	Author = {Kahn, Lawrence M.},
	Date-Added = {2013-01-22 16:13:26 +0000},
	Date-Modified = {2013-01-30 09:53:26 +0000},
	Doi = {10.1007/s00148-003-0151-4},
	Issn = {0933-1433},
	Issue = {3},
	Journal = {Journal of Population Economics},
	Keywords = {J24; J61; Human capital; immigrant workers; switzerland},
	Language = {English},
	Pages = {501-534},
	Publisher = {Springer-Verlag},
	Title = {Immigration, skills and the labor market: International evidence},
	Volume = {17},
	Year = {2004},
	Bdsk-File-1 = {YnBsaXN0MDDUAQIDBAUGJCVYJHZlcnNpb25YJG9iamVjdHNZJGFyY2hpdmVyVCR0b3ASAAGGoKgHCBMUFRYaIVUkbnVsbNMJCgsMDxJXTlMua2V5c1pOUy5vYmplY3RzViRjbGFzc6INDoACgAOiEBGABIAFgAdccmVsYXRpdmVQYXRoWWFsaWFzRGF0YV8QWi4uL3BhcGVycy9zd2l0emVybGFuZC9JbW1pZ3JhdGlvbiwgc2tpbGxzIGFuZCB0aGUgbGFib3IgbWFya2V0LSBJbnRlcm5hdGlvbmFsIGV2aWRlbmNlLnBkZtIXCxgZV05TLmRhdGFPEQKiAAAAAAKiAAIAAAxNYWNpbnRvc2ggSEQAAAAAAAAAAAAAAAAAAADMkZD/SCsAAACY/2UfSW1taWdyYXRpb24sIHNraWxscyAjQ0EwOEMyLnBkZgAAAAAAAAAAAAAAAAAAAAAAAAAAAAAAAAAAAAAAAAAAAMoIws0kePkAAAAAAAAAAAABAAMAAAkgAAAAAAAAAAAAAAAAAAAAC3N3aXR6ZXJsYW5kAAAQAAgAAMyRdN8AAAARAAgAAM0kaukAAAABACAAmP9lAIJPjABifMUAEXX+ABFuIgAIw5gABP2IAAIN1wACAHVNYWNpbnRvc2ggSEQ6VXNlcnM6AHRoaWxvOgBEb2t1bWVudGU6AFVuaToAQkE6AGltbWlncmF0aW9uVGFza3M6AHBhcGVyczoAc3dpdHplcmxhbmQ6AEltbWlncmF0aW9uLCBza2lsbHMgI0NBMDhDMi5wZGYAAA4AigBEAEkAbQBtAGkAZwByAGEAdABpAG8AbgAsACAAcwBrAGkAbABsAHMAIABhAG4AZAAgAHQAaABlACAAbABhAGIAbwByACAAbQBhAHIAawBlAHQALQAgAEkAbgB0AGUAcgBuAGEAdABpAG8AbgBhAGwAIABlAHYAaQBkAGUAbgBjAGUALgBwAGQAZgAPABoADABNAGEAYwBpAG4AdABvAHMAaAAgAEgARAASAIVVc2Vycy90aGlsby9Eb2t1bWVudGUvVW5pL0JBL2ltbWlncmF0aW9uVGFza3MvcGFwZXJzL3N3aXR6ZXJsYW5kL0ltbWlncmF0aW9uLCBza2lsbHMgYW5kIHRoZSBsYWJvciBtYXJrZXQtIEludGVybmF0aW9uYWwgZXZpZGVuY2UucGRmAAATAAEvAAAVAAIADP//AACABtIbHB0eWiRjbGFzc25hbWVYJGNsYXNzZXNdTlNNdXRhYmxlRGF0YaMdHyBWTlNEYXRhWE5TT2JqZWN00hscIiNcTlNEaWN0aW9uYXJ5oiIgXxAPTlNLZXllZEFyY2hpdmVy0SYnVHJvb3SAAQAIABEAGgAjAC0AMgA3AEAARgBNAFUAYABnAGoAbABuAHEAcwB1AHcAhACOAOsA8AD4A54DoAOlA7ADuQPHA8sD0gPbA+AD7QPwBAIEBQQKAAAAAAAAAgEAAAAAAAAAKAAAAAAAAAAAAAAAAAAABAw=},
	Bdsk-Url-1 = {http://dx.doi.org/10.1007/s00148-003-0151-4}}

@techreport{PeriSparber2010,
	Abstract = {Economic debate about the consequences of immigration in the US has largely focused on how influxes of foreign-born labor with little educational attainment have affected similarly-educated native-born workers. Fewer studies analyze the effect of immigration within the market for highly-educated labor. We use O*NET data on job characteristics to assess whether native-born workers with graduate degrees respond to an increased presence of highly-educated foreign-born workers by choosing new occupations with different skill content. We find that highly-educated native and foreign-born workers are imperfect substitutes. Immigrants with graduate degrees specialize in occupations demanding quantitative and analytical skills, whereas their native-born counterparts specialize in occupations requiring interactive and communication skills. When the foreign-born proportion of highly-educated employment within an occupation rises, native employees with graduate degrees choose new occupations with less analytical and more communicative content.},
	Author = {Peri, Giovanni and Sparber, Chad},
	Date-Added = {2013-01-14 15:08:29 +0000},
	Date-Modified = {2013-01-14 15:09:29 +0000},
	Institution = {Department of Economics, Colgate University},
	Keywords = {Immigration; Occupational Choice; Highly-Educated Workers; Communication Skills; Mathematical Skills},
	Month = Sep,
	Number = {2010-09},
	Read = {1},
	Title = {Highly-Educated Immigrants and Native Occupational Choice},
	Type = {Working Papers},
	Year = 2010,
	Bdsk-File-1 = {YnBsaXN0MDDUAQIDBAUGJCVYJHZlcnNpb25YJG9iamVjdHNZJGFyY2hpdmVyVCR0b3ASAAGGoKgHCBMUFRYaIVUkbnVsbNMJCgsMDxJXTlMua2V5c1pOUy5vYmplY3RzViRjbGFzc6INDoACgAOiEBGABIAFgAdccmVsYXRpdmVQYXRoWWFsaWFzRGF0YV8QWi4uL3BhcGVycy9pbW1pZ3JhdGlvbkVmZmVjdHMvSGlnaGx5LUVkdWNhdGVkIEltbWlncmFudHMgYW5kIE5hdGl2ZSBPY2N1cGF0aW9uYWwgQ2hvaWNlLnBkZtIXCxgZV05TLmRhdGFPEQKgAAAAAAKgAAIAAAxNYWNpbnRvc2ggSEQAAAAAAAAAAAAAAAAAAADMkZD/SCsAAACTEHIfSGlnaGx5LUVkdWNhdGVkIEltbWkjREFGMzAxLnBkZgAAAAAAAAAAAAAAAAAAAAAAAAAAAAAAAAAAAAAAAAAAANrzAcy0vvwAAAAAAAAAAAABAAMAAAkgAAAAAAAAAAAAAAAAAAAAEmltbWlncmF0aW9uRWZmZWN0cwAQAAgAAMyRdN8AAAARAAgAAMy0sOwAAAABACAAkxByAIJPjABifMUAEXX+ABFuIgAIw5gABP2IAAIN1wACAHxNYWNpbnRvc2ggSEQ6VXNlcnM6AHRoaWxvOgBEb2t1bWVudGU6AFVuaToAQkE6AGltbWlncmF0aW9uVGFza3M6AHBhcGVyczoAaW1taWdyYXRpb25FZmZlY3RzOgBIaWdobHktRWR1Y2F0ZWQgSW1taSNEQUYzMDEucGRmAA4AfAA9AEgAaQBnAGgAbAB5AC0ARQBkAHUAYwBhAHQAZQBkACAASQBtAG0AaQBnAHIAYQBuAHQAcwAgAGEAbgBkACAATgBhAHQAaQB2AGUAIABPAGMAYwB1AHAAYQB0AGkAbwBuAGEAbAAgAEMAaABvAGkAYwBlAC4AcABkAGYADwAaAAwATQBhAGMAaQBuAHQAbwBzAGgAIABIAEQAEgCFVXNlcnMvdGhpbG8vRG9rdW1lbnRlL1VuaS9CQS9pbW1pZ3JhdGlvblRhc2tzL3BhcGVycy9pbW1pZ3JhdGlvbkVmZmVjdHMvSGlnaGx5LUVkdWNhdGVkIEltbWlncmFudHMgYW5kIE5hdGl2ZSBPY2N1cGF0aW9uYWwgQ2hvaWNlLnBkZgAAEwABLwAAFQACAAz//wAAgAbSGxwdHlokY2xhc3NuYW1lWCRjbGFzc2VzXU5TTXV0YWJsZURhdGGjHR8gVk5TRGF0YVhOU09iamVjdNIbHCIjXE5TRGljdGlvbmFyeaIiIF8QD05TS2V5ZWRBcmNoaXZlctEmJ1Ryb290gAEACAARABoAIwAtADIANwBAAEYATQBVAGAAZwBqAGwAbgBxAHMAdQB3AIQAjgDrAPAA+AOcA54DowOuA7cDxQPJA9AD2QPeA+sD7gQABAMECAAAAAAAAAIBAAAAAAAAACgAAAAAAAAAAAAAAAAAAAQK},
	Bdsk-Url-1 = {http://ideas.repec.org/p/cgt/wpaper/2010-09.html}}

@article{Card2001,
	Abstract = { This article uses 1990 census data to study the effects of immigrant inflows on occupation-specific labor market outcomes. I find that intercity mobility rates of natives and earlier immigrants are insensitive to immigrant inflows. However, occupation-specific wages and employment rates are systematically lower in cities with higher relative supplies of workers in a given occupation. The results imply that immigrant inflows over the 1980s reduced wages and employment rates of low-skilled natives in traditional gateway cities like Miami and Los Angeles by 1-3 percentage points. Copyright 2001 by University of Chicago Press.},
	Author = {Card, David},
	Date-Added = {2013-01-09 22:56:38 +0000},
	Date-Modified = {2013-01-14 16:11:03 +0000},
	Journal = {Journal of Labor Economics},
	Month = {January},
	Number = {1},
	Pages = {22-64},
	Title = {Immigrant Inflows, Native Outflows, and the Local Labor Market Impacts of Higher Immigration},
	Volume = {19},
	Year = 2001,
	Bdsk-File-1 = {YnBsaXN0MDDUAQIDBAUGJCVYJHZlcnNpb25YJG9iamVjdHNZJGFyY2hpdmVyVCR0b3ASAAGGoKgHCBMUFRYaIVUkbnVsbNMJCgsMDxJXTlMua2V5c1pOUy5vYmplY3RzViRjbGFzc6INDoACgAOiEBGABIAFgAdccmVsYXRpdmVQYXRoWWFsaWFzRGF0YV8Qdy4uL3BhcGVycy9pbW1pZ3JhdGlvbkVmZmVjdHMvSW1taWdyYW50IEluZmxvd3MsIE5hdGl2ZSBPdXRmbG93cywgYW5kIHRoZSBMb2NhbCBNYXJrZXQgSW1wYWN0cyBvZiBIaWdoZXIgSW1taWdyYXRpb24ucGRm0hcLGBlXTlMuZGF0YU8RAvYAAAAAAvYAAgAADE1hY2ludG9zaCBIRAAAAAAAAAAAAAAAAAAAAMyRkP9IKwAAAJMQch9JbW1pZ3JhbnQgSW5mbG93cywgTiNCOTk4QTMucGRmAAAAAAAAAAAAAAAAAAAAAAAAAAAAAAAAAAAAAAAAAAAAuZijzROz3AAAAAAAAAAAAAEAAwAACSAAAAAAAAAAAAAAAAAAAAASaW1taWdyYXRpb25FZmZlY3RzABAACAAAzJF03wAAABEACAAAzROlzAAAAAEAIACTEHIAgk+MAGJ8xQARdf4AEW4iAAjDmAAE/YgAAg3XAAIAfE1hY2ludG9zaCBIRDpVc2VyczoAdGhpbG86AERva3VtZW50ZToAVW5pOgBCQToAaW1taWdyYXRpb25UYXNrczoAcGFwZXJzOgBpbW1pZ3JhdGlvbkVmZmVjdHM6AEltbWlncmFudCBJbmZsb3dzLCBOI0I5OThBMy5wZGYADgC2AFoASQBtAG0AaQBnAHIAYQBuAHQAIABJAG4AZgBsAG8AdwBzACwAIABOAGEAdABpAHYAZQAgAE8AdQB0AGYAbABvAHcAcwAsACAAYQBuAGQAIAB0AGgAZQAgAEwAbwBjAGEAbAAgAE0AYQByAGsAZQB0ACAASQBtAHAAYQBjAHQAcwAgAG8AZgAgAEgAaQBnAGgAZQByACAASQBtAG0AaQBnAHIAYQB0AGkAbwBuAC4AcABkAGYADwAaAAwATQBhAGMAaQBuAHQAbwBzAGgAIABIAEQAEgCiVXNlcnMvdGhpbG8vRG9rdW1lbnRlL1VuaS9CQS9pbW1pZ3JhdGlvblRhc2tzL3BhcGVycy9pbW1pZ3JhdGlvbkVmZmVjdHMvSW1taWdyYW50IEluZmxvd3MsIE5hdGl2ZSBPdXRmbG93cywgYW5kIHRoZSBMb2NhbCBNYXJrZXQgSW1wYWN0cyBvZiBIaWdoZXIgSW1taWdyYXRpb24ucGRmABMAAS8AABUAAgAM//8AAIAG0hscHR5aJGNsYXNzbmFtZVgkY2xhc3Nlc11OU011dGFibGVEYXRhox0fIFZOU0RhdGFYTlNPYmplY3TSGxwiI1xOU0RpY3Rpb25hcnmiIiBfEA9OU0tleWVkQXJjaGl2ZXLRJidUcm9vdIABAAgAEQAaACMALQAyADcAQABGAE0AVQBgAGcAagBsAG4AcQBzAHUAdwCEAI4BCAENARUEDwQRBBYEIQQqBDgEPARDBEwEUQReBGEEcwR2BHsAAAAAAAACAQAAAAAAAAAoAAAAAAAAAAAAAAAAAAAEfQ==},
	Bdsk-Url-1 = {http://ideas.repec.org/a/ucp/jlabec/v19y2001i1p22-64.html}}

@article{Borjas2003,
	Abstract = {Immigration is not evenly balanced across groups of workers who have the same education but differ in their work experience, and the nature of the supply imbalance changes over time. This paper develops a new approach for estimating the labor market impact of immigration by exploiting this variation in supply shifts across education-experience groups. I assume that similarly educated workers with different levels of experience participate in a national labor market and are not perfect substitutes. The analysis indicates that immigration lowers the wage of competing workers: a 10 percent increase in supply reduces wages by 3 to 4 percent.},
	Author = {Borjas, George J.},
	Date-Added = {2013-01-09 22:22:19 +0000},
	Date-Modified = {2013-01-25 14:45:56 +0000},
	Journal = {The Quarterly Journal of Economics},
	Number = {4},
	Pages = {1335-1374},
	Read = {1},
	Title = {The Labor Demand Curve is Downward Sloping: Reexamining the Impact of Immigration on the Labor Market},
	Volume = {118},
	Year = {2003},
	Bdsk-File-1 = {YnBsaXN0MDDUAQIDBAUGJCVYJHZlcnNpb25YJG9iamVjdHNZJGFyY2hpdmVyVCR0b3ASAAGGoKgHCBMUFRYaIVUkbnVsbNMJCgsMDxJXTlMua2V5c1pOUy5vYmplY3RzViRjbGFzc6INDoACgAOiEBGABIAFgAdccmVsYXRpdmVQYXRoWWFsaWFzRGF0YV8Qhi4uL3BhcGVycy9pbW1pZ3JhdGlvbkVmZmVjdHMvVGhlIExhYm9yIERlbWFuZCBDdXJ2ZSBJcyBEb3dud2FyZCBTbG9waW5nLSBSZWV4YW1pbmluZyBUaGUgSW1wYWN0IE9mIEltbWlncmF0aW9uIE9uIFRoZSBMYWJvciBNYXJrZXQucGRm0hcLGBlXTlMuZGF0YU8RAyQAAAAAAyQAAgAADE1hY2ludG9zaCBIRAAAAAAAAAAAAAAAAAAAAMyRkP9IKwAAAJMQch9UaGUgTGFib3IgRGVtYW5kIEN1ciNEQTkwMzgucGRmAAAAAAAAAAAAAAAAAAAAAAAAAAAAAAAAAAAAAAAAAAAA2pA4zROr9QAAAAAAAAAAAAEAAwAACSAAAAAAAAAAAAAAAAAAAAASaW1taWdyYXRpb25FZmZlY3RzABAACAAAzJF03wAAABEACAAAzROd5QAAAAEAIACTEHIAgk+MAGJ8xQARdf4AEW4iAAjDmAAE/YgAAg3XAAIAfE1hY2ludG9zaCBIRDpVc2VyczoAdGhpbG86AERva3VtZW50ZToAVW5pOgBCQToAaW1taWdyYXRpb25UYXNrczoAcGFwZXJzOgBpbW1pZ3JhdGlvbkVmZmVjdHM6AFRoZSBMYWJvciBEZW1hbmQgQ3VyI0RBOTAzOC5wZGYADgDUAGkAVABoAGUAIABMAGEAYgBvAHIAIABEAGUAbQBhAG4AZAAgAEMAdQByAHYAZQAgAEkAcwAgAEQAbwB3AG4AdwBhAHIAZAAgAFMAbABvAHAAaQBuAGcALQAgAFIAZQBlAHgAYQBtAGkAbgBpAG4AZwAgAFQAaABlACAASQBtAHAAYQBjAHQAIABPAGYAIABJAG0AbQBpAGcAcgBhAHQAaQBvAG4AIABPAG4AIABUAGgAZQAgAEwAYQBiAG8AcgAgAE0AYQByAGsAZQB0AC4AcABkAGYADwAaAAwATQBhAGMAaQBuAHQAbwBzAGgAIABIAEQAEgCxVXNlcnMvdGhpbG8vRG9rdW1lbnRlL1VuaS9CQS9pbW1pZ3JhdGlvblRhc2tzL3BhcGVycy9pbW1pZ3JhdGlvbkVmZmVjdHMvVGhlIExhYm9yIERlbWFuZCBDdXJ2ZSBJcyBEb3dud2FyZCBTbG9waW5nLSBSZWV4YW1pbmluZyBUaGUgSW1wYWN0IE9mIEltbWlncmF0aW9uIE9uIFRoZSBMYWJvciBNYXJrZXQucGRmAAATAAEvAAAVAAIADP//AACABtIbHB0eWiRjbGFzc25hbWVYJGNsYXNzZXNdTlNNdXRhYmxlRGF0YaMdHyBWTlNEYXRhWE5TT2JqZWN00hscIiNcTlNEaWN0aW9uYXJ5oiIgXxAPTlNLZXllZEFyY2hpdmVy0SYnVHJvb3SAAQAIABEAGgAjAC0AMgA3AEAARgBNAFUAYABnAGoAbABuAHEAcwB1AHcAhACOARcBHAEkBEwETgRTBF4EZwR1BHkEgASJBI4EmwSeBLAEswS4AAAAAAAAAgEAAAAAAAAAKAAAAAAAAAAAAAAAAAAABLo=},
	Bdsk-Url-1 = {http://qje.oxfordjournals.org/content/118/4/1335.abstract},
	Bdsk-Url-2 = {http://dx.doi.org/10.1162/003355303322552810}}

@techreport{Steinhardt2009,
	Abstract = {The paper contributes to the ongoing debate about the adequate technique to identify the impact of immigration. Initially the regression analysis on the basis of education-experience cells reveals that the impact of immigration on native wages in Germany is negative, but small. The subsequent analysis on the basis of occupations using the same data yields a considerably higher adjustment coefficient and indicates strong wage effects within primary service occupations with a magnitude comparable to results for the US. The analysis therefore demonstrates that the use of formal qualifications as an exclusive classification criterion may lead to an underestimation of the impact of immigration.},
	Address = {Hamburg},
	Author = {Max Friedrich Steinhardt},
	Copyright = {http://www.econstor.eu/dspace/Nutzungsbedingungen},
	Date-Added = {2012-12-26 13:34:28 +0000},
	Date-Modified = {2012-12-26 13:34:48 +0000},
	Keywords = {C23; J15; J31; J42; J60; 330; Labour market impact of migration; skill group approach; occupations; fixed effects model},
	Language = {eng},
	Number = {1-23},
	Publisher = {HWWI Institute of International Economics},
	Read = {1},
	Title = {The wage impact of immigration in Germany: New evidence for skill groups and occupations},
	Type = {HWWI Research Paper},
	Year = {2009},
	Bdsk-File-1 = {YnBsaXN0MDDUAQIDBAUGJCVYJHZlcnNpb25YJG9iamVjdHNZJGFyY2hpdmVyVCR0b3ASAAGGoKgHCBMUFRYaIVUkbnVsbNMJCgsMDxJXTlMua2V5c1pOUy5vYmplY3RzViRjbGFzc6INDoACgAOiEBGABIAFgAdccmVsYXRpdmVQYXRoWWFsaWFzRGF0YV8QeC4uL3BhcGVycy9pbW1pZ3JhdGlvbkVmZmVjdHMvVGhlIHdhZ2UgaW1wYWN0IG9mIGltbWlncmF0aW9uIGluIEdlcm1hbnkgTmV3IGV2aWRlbmNlIGZvciBza2lsbCBncm91cHMgYW5kIG9jY3VwYXRpb25zLnBkZtIXCxgZV05TLmRhdGFPEQL6AAAAAAL6AAIAAAxNYWNpbnRvc2ggSEQAAAAAAAAAAAAAAAAAAADMkZD/SCsAAACTEHIfVGhlIHdhZ2UgaW1wYWN0IG9mIGkjRDhEQTRBLnBkZgAAAAAAAAAAAAAAAAAAAAAAAAAAAAAAAAAAAAAAAAAAANjaSsy0wZIAAAAAAAAAAAABAAMAAAkgAAAAAAAAAAAAAAAAAAAAEmltbWlncmF0aW9uRWZmZWN0cwAQAAgAAMyRdN8AAAARAAgAAMy0s4IAAAABACAAkxByAIJPjABifMUAEXX+ABFuIgAIw5gABP2IAAIN1wACAHxNYWNpbnRvc2ggSEQ6VXNlcnM6AHRoaWxvOgBEb2t1bWVudGU6AFVuaToAQkE6AGltbWlncmF0aW9uVGFza3M6AHBhcGVyczoAaW1taWdyYXRpb25FZmZlY3RzOgBUaGUgd2FnZSBpbXBhY3Qgb2YgaSNEOERBNEEucGRmAA4AuABbAFQAaABlACAAdwBhAGcAZQAgAGkAbQBwAGEAYwB0ACAAbwBmACAAaQBtAG0AaQBnAHIAYQB0AGkAbwBuACAAaQBuACAARwBlAHIAbQBhAG4AeQAgAE4AZQB3ACAAZQB2AGkAZABlAG4AYwBlACAAZgBvAHIAIABzAGsAaQBsAGwAIABnAHIAbwB1AHAAcwAgAGEAbgBkACAAbwBjAGMAdQBwAGEAdABpAG8AbgBzAC4AcABkAGYADwAaAAwATQBhAGMAaQBuAHQAbwBzAGgAIABIAEQAEgCjVXNlcnMvdGhpbG8vRG9rdW1lbnRlL1VuaS9CQS9pbW1pZ3JhdGlvblRhc2tzL3BhcGVycy9pbW1pZ3JhdGlvbkVmZmVjdHMvVGhlIHdhZ2UgaW1wYWN0IG9mIGltbWlncmF0aW9uIGluIEdlcm1hbnkgTmV3IGV2aWRlbmNlIGZvciBza2lsbCBncm91cHMgYW5kIG9jY3VwYXRpb25zLnBkZgAAEwABLwAAFQACAAz//wAAgAbSGxwdHlokY2xhc3NuYW1lWCRjbGFzc2VzXU5TTXV0YWJsZURhdGGjHR8gVk5TRGF0YVhOU09iamVjdNIbHCIjXE5TRGljdGlvbmFyeaIiIF8QD05TS2V5ZWRBcmNoaXZlctEmJ1Ryb290gAEACAARABoAIwAtADIANwBAAEYATQBVAGAAZwBqAGwAbgBxAHMAdQB3AIQAjgEJAQ4BFgQUBBYEGwQmBC8EPQRBBEgEUQRWBGMEZgR4BHsEgAAAAAAAAAIBAAAAAAAAACgAAAAAAAAAAAAAAAAAAASC},
	Bdsk-File-2 = {YnBsaXN0MDDUAQIDBAUGJCVYJHZlcnNpb25YJG9iamVjdHNZJGFyY2hpdmVyVCR0b3ASAAGGoKgHCBMUFRYaIVUkbnVsbNMJCgsMDxJXTlMua2V5c1pOUy5vYmplY3RzViRjbGFzc6INDoACgAOiEBGABIAFgAdccmVsYXRpdmVQYXRoWWFsaWFzRGF0YV8Qey4uL3N1bW1hcmllcy9JbW1pZ3JhdGlvbkVmZmVjdHMvVGhlIHdhZ2UgaW1wYWN0IG9mIGltbWlncmF0aW9uIGluIEdlcm1hbnkgTmV3IGV2aWRlbmNlIGZvciBza2lsbCBncm91cHMgYW5kIG9jY3VwYXRpb25zLnBkZtIXCxgZV05TLmRhdGFPEQMAAAAAAAMAAAIAAAxNYWNpbnRvc2ggSEQAAAAAAAAAAAAAAAAAAADMkZD/SCsAAACTELEfVGhlIHdhZ2UgaW1wYWN0IG9mIGkjODI1MEQxLnBkZgAAAAAAAAAAAAAAAAAAAAAAAAAAAAAAAAAAAAAAAAAAAIJQ0czQJ6EAAAAAAAAAAAABAAMAAAkgAAAAAAAAAAAAAAAAAAAAEkltbWlncmF0aW9uRWZmZWN0cwAQAAgAAMyRdN8AAAARAAgAAMzQGZEAAAABACAAkxCxAIGb6ABifMUAEXX+ABFuIgAIw5gABP2IAAIN1wACAH9NYWNpbnRvc2ggSEQ6VXNlcnM6AHRoaWxvOgBEb2t1bWVudGU6AFVuaToAQkE6AGltbWlncmF0aW9uVGFza3M6AHN1bW1hcmllczoASW1taWdyYXRpb25FZmZlY3RzOgBUaGUgd2FnZSBpbXBhY3Qgb2YgaSM4MjUwRDEucGRmAAAOALgAWwBUAGgAZQAgAHcAYQBnAGUAIABpAG0AcABhAGMAdAAgAG8AZgAgAGkAbQBtAGkAZwByAGEAdABpAG8AbgAgAGkAbgAgAEcAZQByAG0AYQBuAHkAIABOAGUAdwAgAGUAdgBpAGQAZQBuAGMAZQAgAGYAbwByACAAcwBrAGkAbABsACAAZwByAG8AdQBwAHMAIABhAG4AZAAgAG8AYwBjAHUAcABhAHQAaQBvAG4AcwAuAHAAZABmAA8AGgAMAE0AYQBjAGkAbgB0AG8AcwBoACAASABEABIAplVzZXJzL3RoaWxvL0Rva3VtZW50ZS9VbmkvQkEvaW1taWdyYXRpb25UYXNrcy9zdW1tYXJpZXMvSW1taWdyYXRpb25FZmZlY3RzL1RoZSB3YWdlIGltcGFjdCBvZiBpbW1pZ3JhdGlvbiBpbiBHZXJtYW55IE5ldyBldmlkZW5jZSBmb3Igc2tpbGwgZ3JvdXBzIGFuZCBvY2N1cGF0aW9ucy5wZGYAEwABLwAAFQACAAz//wAAgAbSGxwdHlokY2xhc3NuYW1lWCRjbGFzc2VzXU5TTXV0YWJsZURhdGGjHR8gVk5TRGF0YVhOU09iamVjdNIbHCIjXE5TRGljdGlvbmFyeaIiIF8QD05TS2V5ZWRBcmNoaXZlctEmJ1Ryb290gAEACAARABoAIwAtADIANwBAAEYATQBVAGAAZwBqAGwAbgBxAHMAdQB3AIQAjgEMAREBGQQdBB8EJAQvBDgERgRKBFEEWgRfBGwEbwSBBIQEiQAAAAAAAAIBAAAAAAAAACgAAAAAAAAAAAAAAAAAAASL},
	Bdsk-Url-1 = {http://hdl.handle.net/10419/48178}}

@techreport{BloomDracaReenen2011,
	Abstract = {We examine the impact of Chinese import competition on patenting, IT, R&D and TFP using a panel of up to half a million firms over 1996-2007 across twelve European countries. We correct for endogeneity using the removal of product-specific quotas following China's entry into the World Trade Organization. Chinese import competition had two effects: first, it led to increases in R&D, patenting, IT and TFP within firms; and second it reallocated employment between firms towards more innovative and technologically advanced firms. These within and between effects were about equal in magnitude, and appear to account for around 15% of European technology upgrading between 2000-2007. Rising Chinese import competition also led to falls in employment, profits, prices and the skill share. By contrast, import competition from developed countries had no effect on innovation. We develop a simple ``trapped factor'' model of innovation that is consistent with these empirical findings.},
	Author = {Nicholas Bloom and Mirko Draca and John Van Reenen},
	Date-Added = {2012-12-20 11:09:29 +0000},
	Date-Modified = {2013-01-14 15:13:19 +0000},
	Institution = {National Bureau of Economic Research},
	Keywords = {firm,import,Technological change,trade},
	Month = {January},
	Number = {16717},
	Read = {1},
	Series = {Working Paper Series},
	Title = {Trade Induced Technical Change? The Impact of Chinese Imports on Innovation, IT and Productivity},
	Type = {Working Paper},
	Year = {2011},
	Bdsk-File-1 = {YnBsaXN0MDDUAQIDBAUGJCVYJHZlcnNpb25YJG9iamVjdHNZJGFyY2hpdmVyVCR0b3ASAAGGoKgHCBMUFRYaIVUkbnVsbNMJCgsMDxJXTlMua2V5c1pOUy5vYmplY3RzViRjbGFzc6INDoACgAOiEBGABIAFgAdccmVsYXRpdmVQYXRoWWFsaWFzRGF0YV8Qfy4uL3BhcGVycy9UZWNobmljYWxDaGFuZ2UvVHJhZGUgSW5kdWNlZCBUZWNobmljYWwgQ2hhbmdlIC0gVGhlIEltcGFjdCBvZiBDaGluZXNlIEltcG9ydHMgb24gSW5ub3ZhdGlvbiwgSVQgYW5kIFByb2R1Y3Rpdml0eS5wZGbSFwsYGVdOUy5kYXRhTxEDEAAAAAADEAACAAAMTWFjaW50b3NoIEhEAAAAAAAAAAAAAAAAAAAAzJGQ/0grAAAAraHDH1RyYWRlIEluZHVjZWQgVGVjaG5pI0FGOThBRS5wZGYAAAAAAAAAAAAAAAAAAAAAAAAAAAAAAAAAAAAAAAAAAACvmK7M+LBgAAAAAAAAAAAAAQADAAAJIAAAAAAAAAAAAAAAAAAAAA9UZWNobmljYWxDaGFuZ2UAABAACAAAzJF03wAAABEACAAAzPiiUAAAAAEAIACtocMAgk+MAGJ8xQARdf4AEW4iAAjDmAAE/YgAAg3XAAIAeU1hY2ludG9zaCBIRDpVc2VyczoAdGhpbG86AERva3VtZW50ZToAVW5pOgBCQToAaW1taWdyYXRpb25UYXNrczoAcGFwZXJzOgBUZWNobmljYWxDaGFuZ2U6AFRyYWRlIEluZHVjZWQgVGVjaG5pI0FGOThBRS5wZGYAAA4AzABlAFQAcgBhAGQAZQAgAEkAbgBkAHUAYwBlAGQAIABUAGUAYwBoAG4AaQBjAGEAbAAgAEMAaABhAG4AZwBlACAALQAgAFQAaABlACAASQBtAHAAYQBjAHQAIABvAGYAIABDAGgAaQBuAGUAcwBlACAASQBtAHAAbwByAHQAcwAgAG8AbgAgAEkAbgBuAG8AdgBhAHQAaQBvAG4ALAAgAEkAVAAgAGEAbgBkACAAUAByAG8AZAB1AGMAdABpAHYAaQB0AHkALgBwAGQAZgAPABoADABNAGEAYwBpAG4AdABvAHMAaAAgAEgARAASAKpVc2Vycy90aGlsby9Eb2t1bWVudGUvVW5pL0JBL2ltbWlncmF0aW9uVGFza3MvcGFwZXJzL1RlY2huaWNhbENoYW5nZS9UcmFkZSBJbmR1Y2VkIFRlY2huaWNhbCBDaGFuZ2UgLSBUaGUgSW1wYWN0IG9mIENoaW5lc2UgSW1wb3J0cyBvbiBJbm5vdmF0aW9uLCBJVCBhbmQgUHJvZHVjdGl2aXR5LnBkZgATAAEvAAAVAAIADP//AACABtIbHB0eWiRjbGFzc25hbWVYJGNsYXNzZXNdTlNNdXRhYmxlRGF0YaMdHyBWTlNEYXRhWE5TT2JqZWN00hscIiNcTlNEaWN0aW9uYXJ5oiIgXxAPTlNLZXllZEFyY2hpdmVy0SYnVHJvb3SAAQAIABEAGgAjAC0AMgA3AEAARgBNAFUAYABnAGoAbABuAHEAcwB1AHcAhACOARABFQEdBDEEMwQ4BEMETARaBF4EZQRuBHMEgASDBJUEmASdAAAAAAAAAgEAAAAAAAAAKAAAAAAAAAAAAAAAAAAABJ8=},
	Bdsk-File-2 = {YnBsaXN0MDDUAQIDBAUGJCVYJHZlcnNpb25YJG9iamVjdHNZJGFyY2hpdmVyVCR0b3ASAAGGoKgHCBMUFRYaIVUkbnVsbNMJCgsMDxJXTlMua2V5c1pOUy5vYmplY3RzViRjbGFzc6INDoACgAOiEBGABIAFgAdccmVsYXRpdmVQYXRoWWFsaWFzRGF0YV8Qgi4uL3N1bW1hcmllcy9UZWNobmljYWxDaGFuZ2UvVHJhZGUgSW5kdWNlZCBUZWNobmljYWwgQ2hhbmdlIC0gVGhlIEltcGFjdCBvZiBDaGluZXNlIEltcG9ydHMgb24gSW5ub3ZhdGlvbiwgSVQgYW5kIFByb2R1Y3Rpdml0eS5wZGbSFwsYGVdOUy5kYXRhTxEDFgAAAAADFgACAAAMTWFjaW50b3NoIEhEAAAAAAAAAAAAAAAAAAAAzJGQ/0grAAAAraGTH1RyYWRlIEluZHVjZWQgVGVjaG5pI0FGOTUxMi5wZGYAAAAAAAAAAAAAAAAAAAAAAAAAAAAAAAAAAAAAAAAAAACvlRLNAIedAAAAAAAAAAAAAQADAAAJIAAAAAAAAAAAAAAAAAAAAA9UZWNobmljYWxDaGFuZ2UAABAACAAAzJF03wAAABEACAAAzQB5jQAAAAEAIACtoZMAgZvoAGJ8xQARdf4AEW4iAAjDmAAE/YgAAg3XAAIAfE1hY2ludG9zaCBIRDpVc2VyczoAdGhpbG86AERva3VtZW50ZToAVW5pOgBCQToAaW1taWdyYXRpb25UYXNrczoAc3VtbWFyaWVzOgBUZWNobmljYWxDaGFuZ2U6AFRyYWRlIEluZHVjZWQgVGVjaG5pI0FGOTUxMi5wZGYADgDMAGUAVAByAGEAZABlACAASQBuAGQAdQBjAGUAZAAgAFQAZQBjAGgAbgBpAGMAYQBsACAAQwBoAGEAbgBnAGUAIAAtACAAVABoAGUAIABJAG0AcABhAGMAdAAgAG8AZgAgAEMAaABpAG4AZQBzAGUAIABJAG0AcABvAHIAdABzACAAbwBuACAASQBuAG4AbwB2AGEAdABpAG8AbgAsACAASQBUACAAYQBuAGQAIABQAHIAbwBkAHUAYwB0AGkAdgBpAHQAeQAuAHAAZABmAA8AGgAMAE0AYQBjAGkAbgB0AG8AcwBoACAASABEABIArVVzZXJzL3RoaWxvL0Rva3VtZW50ZS9VbmkvQkEvaW1taWdyYXRpb25UYXNrcy9zdW1tYXJpZXMvVGVjaG5pY2FsQ2hhbmdlL1RyYWRlIEluZHVjZWQgVGVjaG5pY2FsIENoYW5nZSAtIFRoZSBJbXBhY3Qgb2YgQ2hpbmVzZSBJbXBvcnRzIG9uIElubm92YXRpb24sIElUIGFuZCBQcm9kdWN0aXZpdHkucGRmAAATAAEvAAAVAAIADP//AACABtIbHB0eWiRjbGFzc25hbWVYJGNsYXNzZXNdTlNNdXRhYmxlRGF0YaMdHyBWTlNEYXRhWE5TT2JqZWN00hscIiNcTlNEaWN0aW9uYXJ5oiIgXxAPTlNLZXllZEFyY2hpdmVy0SYnVHJvb3SAAQAIABEAGgAjAC0AMgA3AEAARgBNAFUAYABnAGoAbABuAHEAcwB1AHcAhACOARMBGAEgBDoEPARBBEwEVQRjBGcEbgR3BHwEiQSMBJ4EoQSmAAAAAAAAAgEAAAAAAAAAKAAAAAAAAAAAAAAAAAAABKg=},
	Bdsk-Url-1 = {http://www.nber.org/papers/w16717}}

@techreport{AcemogluAutor2010,
	Abstract = {A central organizing framework of the voluminous recent literature studying changes in the returns to skills and the evolution of earnings inequality is what we refer to as the canonical model, which elegantly and powerfully operationalizes the supply and demand for skills by assuming two distinct skill groups that perform two different and imperfectly substitutable tasks or produce two imperfectly substitutable goods. Technology is assumed to take a factor-augmenting form, which, by complementing either high or low skill workers, can generate skill biased demand shifts. In this paper, we argue that despite its notable successes, the canonical model is largely silent on a number of central empirical developments of the last three decades, including: (1) significant declines in real wages of low skill workers, particularly low skill males; (2) non-monotone changes in wages at different parts of the earnings distribution during different decades; (3) broad-based increases in employment in high skill and low skill occupations relative to middle skilled occupations (i.e., job 'polarization'); (4) rapid diffusion of new technologies that directly substitute capital for labor in tasks previously performed by moderately-skilled workers; and (5) expanding offshoring opportunities, enabled by technology, which allow foreign labor to substitute for domestic workers in specific tasks. Motivated by these patterns, we argue that it is valuable to consider a richer framework for analyzing how recent changes in the earnings and employment distribution in the United States and other advanced economies are shaped by the interactions among worker skills, job tasks, evolving technologies, and shifting trading opportunities. We propose a tractable task-based model in which the assignment of skills to tasks is endogenous and technical change may involve the substitution of machines for certain tasks previously performed by labor. We further consider how the evolution of technology in this task-based setting may be endogenized. We show how such a framework can be used to interpret several central recent trends, and we also suggest further directions for empirical exploration.},
	Author = {Daron Acemoglu and David Autor},
	Date-Added = {2012-12-20 08:55:14 +0000},
	Date-Modified = {2012-12-20 08:55:31 +0000},
	Institution = {National Bureau of Economic Research},
	Month = {June},
	Number = {16082},
	Read = {1},
	Series = {Working Paper Series},
	Title = {Skills, Tasks and Technologies: Implications for Employment and Earnings},
	Type = {Working Paper},
	Year = {2010},
	Bdsk-File-1 = {YnBsaXN0MDDUAQIDBAUGJCVYJHZlcnNpb25YJG9iamVjdHNZJGFyY2hpdmVyVCR0b3ASAAGGoKgHCBMUFRYaIVUkbnVsbNMJCgsMDxJXTlMua2V5c1pOUy5vYmplY3RzViRjbGFzc6INDoACgAOiEBGABIAFgAdccmVsYXRpdmVQYXRoWWFsaWFzRGF0YV8QeS4uL3BhcGVycy9UYXNrc1RlY2hub2xvZ3kvYWNlbW9nbHVfYXV0b3JfMjAxMF9za2lsbHMgdGFza3MgYW5kIHRlY2hub2xnaWVzIC0gaW1wbGljYXRpb25zIGZvciBlbXBsb3ltZW50IGFuZCBlYXJuaW5ncy5wZGbSFwsYGVdOUy5kYXRhTxEC/gAAAAAC/gACAAAMTWFjaW50b3NoIEhEAAAAAAAAAAAAAAAAAAAAzJGQ/0grAAAAqRLFH2FjZW1vZ2x1X2F1dG9yXzIwMTBfI0ZGNkU4My5wZGYAAAAAAAAAAAAAAAAAAAAAAAAAAAAAAAAAAAAAAAAAAAD/boPMd8xUAAAAAAAAAAAAAQADAAAJIAAAAAAAAAAAAAAAAAAAAA9UYXNrc1RlY2hub2xvZ3kAABAACAAAzJF03wAAABEACAAAzHewNAAAAAEAIACpEsUAgk+MAGJ8xQARdf4AEW4iAAjDmAAE/YgAAg3XAAIAeU1hY2ludG9zaCBIRDpVc2VyczoAdGhpbG86AERva3VtZW50ZToAVW5pOgBCQToAaW1taWdyYXRpb25UYXNrczoAcGFwZXJzOgBUYXNrc1RlY2hub2xvZ3k6AGFjZW1vZ2x1X2F1dG9yXzIwMTBfI0ZGNkU4My5wZGYAAA4AwABfAGEAYwBlAG0AbwBnAGwAdQBfAGEAdQB0AG8AcgBfADIAMAAxADAAXwBzAGsAaQBsAGwAcwAgAHQAYQBzAGsAcwAgAGEAbgBkACAAdABlAGMAaABuAG8AbABnAGkAZQBzACAALQAgAGkAbQBwAGwAaQBjAGEAdABpAG8AbgBzACAAZgBvAHIAIABlAG0AcABsAG8AeQBtAGUAbgB0ACAAYQBuAGQAIABlAGEAcgBuAGkAbgBnAHMALgBwAGQAZgAPABoADABNAGEAYwBpAG4AdABvAHMAaAAgAEgARAASAKRVc2Vycy90aGlsby9Eb2t1bWVudGUvVW5pL0JBL2ltbWlncmF0aW9uVGFza3MvcGFwZXJzL1Rhc2tzVGVjaG5vbG9neS9hY2Vtb2dsdV9hdXRvcl8yMDEwX3NraWxscyB0YXNrcyBhbmQgdGVjaG5vbGdpZXMgLSBpbXBsaWNhdGlvbnMgZm9yIGVtcGxveW1lbnQgYW5kIGVhcm5pbmdzLnBkZgATAAEvAAAVAAIADP//AACABtIbHB0eWiRjbGFzc25hbWVYJGNsYXNzZXNdTlNNdXRhYmxlRGF0YaMdHyBWTlNEYXRhWE5TT2JqZWN00hscIiNcTlNEaWN0aW9uYXJ5oiIgXxAPTlNLZXllZEFyY2hpdmVy0SYnVHJvb3SAAQAIABEAGgAjAC0AMgA3AEAARgBNAFUAYABnAGoAbABuAHEAcwB1AHcAhACOAQoBDwEXBBkEGwQgBCsENARCBEYETQRWBFsEaARrBH0EgASFAAAAAAAAAgEAAAAAAAAAKAAAAAAAAAAAAAAAAAAABIc=},
	Bdsk-File-2 = {YnBsaXN0MDDUAQIDBAUGJCVYJHZlcnNpb25YJG9iamVjdHNZJGFyY2hpdmVyVCR0b3ASAAGGoKgHCBMUFRYaIVUkbnVsbNMJCgsMDxJXTlMua2V5c1pOUy5vYmplY3RzViRjbGFzc6INDoACgAOiEBGABIAFgAdccmVsYXRpdmVQYXRoWWFsaWFzRGF0YV8QfC4uL3N1bW1hcmllcy9UYXNrc1RlY2hub2xvZ3kvYWNlbW9nbHVfYXV0b3JfMjAxMF9za2lsbHMgdGFza3MgYW5kIHRlY2hub2xnaWVzIC0gaW1wbGljYXRpb25zIGZvciBlbXBsb3ltZW50IGFuZCBlYXJuaW5ncy5wZGbSFwsYGVdOUy5kYXRhTxEDBAAAAAADBAACAAAMTWFjaW50b3NoIEhEAAAAAAAAAAAAAAAAAAAAzJGQ/0grAAAAqRGrH2FjZW1vZ2x1X2F1dG9yXzIwMTBfI0E5MTkyQS5wZGYAAAAAAAAAAAAAAAAAAAAAAAAAAAAAAAAAAAAAAAAAAACpGSrM+JHcAAAAAAAAAAAAAQADAAAJIAAAAAAAAAAAAAAAAAAAAA9UYXNrc1RlY2hub2xvZ3kAABAACAAAzJF03wAAABEACAAAzPiDzAAAAAEAIACpEasAgZvoAGJ8xQARdf4AEW4iAAjDmAAE/YgAAg3XAAIAfE1hY2ludG9zaCBIRDpVc2VyczoAdGhpbG86AERva3VtZW50ZToAVW5pOgBCQToAaW1taWdyYXRpb25UYXNrczoAc3VtbWFyaWVzOgBUYXNrc1RlY2hub2xvZ3k6AGFjZW1vZ2x1X2F1dG9yXzIwMTBfI0E5MTkyQS5wZGYADgDAAF8AYQBjAGUAbQBvAGcAbAB1AF8AYQB1AHQAbwByAF8AMgAwADEAMABfAHMAawBpAGwAbABzACAAdABhAHMAawBzACAAYQBuAGQAIAB0AGUAYwBoAG4AbwBsAGcAaQBlAHMAIAAtACAAaQBtAHAAbABpAGMAYQB0AGkAbwBuAHMAIABmAG8AcgAgAGUAbQBwAGwAbwB5AG0AZQBuAHQAIABhAG4AZAAgAGUAYQByAG4AaQBuAGcAcwAuAHAAZABmAA8AGgAMAE0AYQBjAGkAbgB0AG8AcwBoACAASABEABIAp1VzZXJzL3RoaWxvL0Rva3VtZW50ZS9VbmkvQkEvaW1taWdyYXRpb25UYXNrcy9zdW1tYXJpZXMvVGFza3NUZWNobm9sb2d5L2FjZW1vZ2x1X2F1dG9yXzIwMTBfc2tpbGxzIHRhc2tzIGFuZCB0ZWNobm9sZ2llcyAtIGltcGxpY2F0aW9ucyBmb3IgZW1wbG95bWVudCBhbmQgZWFybmluZ3MucGRmAAATAAEvAAAVAAIADP//AACABtIbHB0eWiRjbGFzc25hbWVYJGNsYXNzZXNdTlNNdXRhYmxlRGF0YaMdHyBWTlNEYXRhWE5TT2JqZWN00hscIiNcTlNEaWN0aW9uYXJ5oiIgXxAPTlNLZXllZEFyY2hpdmVy0SYnVHJvb3SAAQAIABEAGgAjAC0AMgA3AEAARgBNAFUAYABnAGoAbABuAHEAcwB1AHcAhACOAQ0BEgEaBCIEJAQpBDQEPQRLBE8EVgRfBGQEcQR0BIYEiQSOAAAAAAAAAgEAAAAAAAAAKAAAAAAAAAAAAAAAAAAABJA=},
	Bdsk-Url-1 = {http://www.nber.org/papers/w16082}}

@article{SECO2010,
	Author = {SECO},
	Date-Added = {2012-12-05 13:38:29 +0000},
	Date-Modified = {2013-01-24 14:32:08 +0000},
	Journal = {6. Bericht des Observatoriums zum Freizuegigkeitsabkommen Schweiz-EU},
	Keywords = {switzerland},
	Read = {1},
	Title = {Auswirkungen der Personenfreizuegigkeit auf den Schweizer Arbeitsmarkt},
	Year = {2010},
	Bdsk-File-1 = {YnBsaXN0MDDUAQIDBAUGJCVYJHZlcnNpb25YJG9iamVjdHNZJGFyY2hpdmVyVCR0b3ASAAGGoKgHCBMUFRYaIVUkbnVsbNMJCgsMDxJXTlMua2V5c1pOUy5vYmplY3RzViRjbGFzc6INDoACgAOiEBGABIAFgAdccmVsYXRpdmVQYXRoWWFsaWFzRGF0YV8QMi4uL3BhcGVycy9zd2l0emVybGFuZC9vYnNlcnZhdG9yaXVtc2JlcmljaHQ2LWQucGRm0hcLGBlXTlMuZGF0YU8RAiYAAAAAAiYAAgAADE1hY2ludG9zaCBIRAAAAAAAAAAAAAAAAAAAAMyRkP9IKwAAAJj/ZRxvYnNlcnZhdG9yaXVtc2JlcmljaHQ2LWQucGRmAAAAAAAAAAAAAAAAAAAAAAAAAAAAAAAAAAAAAAAAAAAAAAAAmP9/y7HU9gAAAAAAAAAAAAEAAwAACSAAAAAAAAAAAAAAAAAAAAALc3dpdHplcmxhbmQAABAACAAAzJF03wAAABEACAAAy7G41gAAAAEAIACY/2UAgk+MAGJ8xQARdf4AEW4iAAjDmAAE/YgAAg3XAAIAck1hY2ludG9zaCBIRDpVc2VyczoAdGhpbG86AERva3VtZW50ZToAVW5pOgBCQToAaW1taWdyYXRpb25UYXNrczoAcGFwZXJzOgBzd2l0emVybGFuZDoAb2JzZXJ2YXRvcml1bXNiZXJpY2h0Ni1kLnBkZgAOADoAHABvAGIAcwBlAHIAdgBhAHQAbwByAGkAdQBtAHMAYgBlAHIAaQBjAGgAdAA2AC0AZAAuAHAAZABmAA8AGgAMAE0AYQBjAGkAbgB0AG8AcwBoACAASABEABIAXVVzZXJzL3RoaWxvL0Rva3VtZW50ZS9VbmkvQkEvaW1taWdyYXRpb25UYXNrcy9wYXBlcnMvc3dpdHplcmxhbmQvb2JzZXJ2YXRvcml1bXNiZXJpY2h0Ni1kLnBkZgAAEwABLwAAFQACAAz//wAAgAbSGxwdHlokY2xhc3NuYW1lWCRjbGFzc2VzXU5TTXV0YWJsZURhdGGjHR8gVk5TRGF0YVhOU09iamVjdNIbHCIjXE5TRGljdGlvbmFyeaIiIF8QD05TS2V5ZWRBcmNoaXZlctEmJ1Ryb290gAEACAARABoAIwAtADIANwBAAEYATQBVAGAAZwBqAGwAbgBxAHMAdQB3AIQAjgDDAMgA0AL6AvwDAQMMAxUDIwMnAy4DNwM8A0kDTANeA2EDZgAAAAAAAAIBAAAAAAAAACgAAAAAAAAAAAAAAAAAAANo}}

@techreport{RePEc:iza:izadps:dp5328,
	Abstract = {In this chapter we provide a brief overview of the main empirical tools used by economists to study international migration. We begin by exploring the three broad research areas that economists examine when researching immigration. We then explore the strengths and shortcomings of the standard methods, and highlight new methods that will likely become more common in future work in the field. We divide the most common tools used in the empirical literature into four broad categories: (1) Ordinary Least Squares and Inference, (2) Difference-in-Difference Estimation, (3) Instrumental Variables Techniques, and (4) Recent Developments and Distributional Estimators. We use recent empirical work to highlight and explain each method, and provide sources for researchers interested in further information on each topic.},
	Author = {Lozano, Fernando A. and Steinberger, Michael D.},
	Date-Added = {2012-11-30 14:10:55 +0000},
	Date-Modified = {2012-11-30 14:10:55 +0000},
	Institution = {Institute for the Study of Labor (IZA)},
	Keywords = {empirical methods; immigration},
	Month = Nov,
	Number = {5328},
	Title = {Empirical Methods in the Economics of International Immigration},
	Type = {IZA Discussion Papers},
	Url = {http://ideas.repec.org/p/iza/izadps/dp5328.html},
	Year = 2010,
	Bdsk-Url-1 = {http://ideas.repec.org/p/iza/izadps/dp5328.html}}

@techreport{RePEc:hes:wpaper:0009,
	Abstract = {This paper presents a new picture of the labor market effects of technological change in pre-WWII United States. I show that, similar to the recent computerization episode, the electrification of the manufacturing sector led to a \&quot;hollowing out\&quot; of the skill distribution whereby workers in the middle of the distribution lost out to those at the extremes. To conduct this analysis, a new dataset detailing the task composition of occupations in the United States for the period 1880-1940 was constructed using information about the task content of over 4,000 occupations from the Dictionary of Occupational Titles (1949). This unique data was used to measure the skill content of electrification in U.S. manufacturing. OLS estimates show that electrification increased the demand for clerical, numerical, planning and people skills relative to manual skills while simultaneously reducing relative demand for the dexterity-intensive jobs which comprised the middle of the skill distribution. Thus, early twentieth century technological change was unskill-biased for blue collar tasks but skill-biased on aggregate. These results are in line with the downward trend in wage differentials within U.S. manufacturing up to 1950. To overcome any threat to the exogeneity of the electricity measure, due for example to endogenous technological change, 2 instrumental variable strategies were developed. The first uses cross-state differences in the timing of adoption of state-level utility regulation while the second exploits differences in state-level geography that encouraged the development of hydro-power generation and thus made electricity cheaper. The results from these regressions support the main conclusions of the paper.},
	Author = {Rowena Gray},
	Date-Added = {2012-11-30 14:10:46 +0000},
	Date-Modified = {2012-11-30 14:10:46 +0000},
	Institution = {European Historical Economics Society (EHES)},
	Keywords = {Technological change; skill bias},
	Month = Oct,
	Number = {0009},
	Title = {Taking Technology to Task: The Skill Content of Technological Change in Early Twentieth Century United States},
	Type = {Working Papers},
	Url = {http://ideas.repec.org/p/hes/wpaper/0009.html},
	Year = 2011,
	Bdsk-Url-1 = {http://ideas.repec.org/p/hes/wpaper/0009.html}}

@techreport{RePEc:cgt:wpaper:2011-04,
	Abstract = {This paper employs reduced-form microeconometric analysis to examine how yearly changes in aggregate income and GDP growth affect the unemployment probability of individuals with varied skills in the United States. The paper goes beyond traditional education-based measures and assesses how manual, communication, and quantitative skills affect the relationship between macroeconomic shocks and unemployment. Workers specialized in communication skills exhibit lower unemployment rates, reduced unemployment volatility, and less sensitivity to macroeconomic fluctuations.},
	Author = {Sparber, Chad},
	Date-Added = {2012-11-30 14:09:18 +0000},
	Date-Modified = {2012-11-30 14:09:18 +0000},
	Institution = {Department of Economics, Colgate University},
	Keywords = {Unemployment; Skills; Business Cycle; Macroeconomic Shocks; GDP},
	Month = Nov,
	Number = {2011-04},
	Title = {Unemployment, Skills, and the Business Cycle Since 2000},
	Type = {Working Papers},
	Url = {http://ideas.repec.org/p/cgt/wpaper/2011-04.html},
	Year = 2011,
	Bdsk-Url-1 = {http://ideas.repec.org/p/cgt/wpaper/2011-04.html}}

@techreport{RePEc:cda:wpaper:12-15,
	Abstract = {n this paper we analyze the impact of immigrants on the type and quantity of native jobs. We use data on fifteen Western European countries during the 1996-2010 period. We find that immigrants, by taking manual-routine type of occupations pushed natives towards more \&quot;complex\&quot; (abstract and communication) jobs. Such positive reallocation occurred while the total number of jobs held by natives was unaffected. This job upgrade was associated in the short run to a 0.6\% increase in native wages for a doubling of the immigrants' share. These results are robust to the use of two alternative IV strategies based on past settlement of immigrants across European countries measured alternatively with Census or Labor Force data. The job upgrade slowed, but did not come to a halt, during the Great Recession. We also document the labor market flows behind it: the complexity of jobs offered to new native hires was higher relative to the complexity of lost jobs. Finally, we find evidence that such reallocation was significantly larger in countries with more flexible labor laws and that his tendency was particularly strong for less educated workers.},
	Author = {D'Amuri Francesco and Giovanni Peri},
	Date-Added = {2012-11-30 14:06:50 +0000},
	Date-Modified = {2012-11-30 14:06:50 +0000},
	Institution = {University of California, Davis, Department of Economics},
	Keywords = {Immigration; Jobs; Task specialization; Employment Protection Laws; Europe},
	Month = Jun,
	Number = {1215},
	Title = {Immigration, Jobs and Employment Protection: Evidence from Europe before and during the Great Recession},
	Type = {Working Papers},
	Url = {http://ideas.repec.org/p/cda/wpaper/12-15.html},
	Year = 2012,
	Bdsk-Url-1 = {http://ideas.repec.org/p/cda/wpaper/12-15.html}}

@techreport{DAmuriPeri2010,
	Abstract = {In this paper we analyze the effect of immigrants on natives' job specialization in Western Europe. We test whether the inflow of immigrants changes employment rates or the chosen occupation of natives with similar education and age. We find no evidence of the first and strong evidence of the second: immigrants take more manual-routine type of occupations and push natives towards more abstract-complex jobs, for a given set of observable skills. We also find some evidence that this occupation reallocation is larger in countries with more flexible labor laws. As abstract-complex tasks pay a premium over manual-routine ones, we can evaluate the positive effect of such reallocation on the wages of native workers. Accounting for the total change in Complex/Non Complex task supply from natives and immigrants we find that immigration does not change much the relative compensation of the two types of tasks but it promotes the specialization of natives into the first type.},
	Author = {Francesco D'Amuri and Giovanni Peri},
	Date-Added = {2012-11-30 14:04:57 +0000},
	Date-Modified = {2013-01-14 15:03:17 +0000},
	Institution = {Centre for Research and Analysis of Migration (CReAM), Department of Economics, University College London},
	Keywords = {immigration; task specialization; European labor markets},
	Month = Oct,
	Number = {1026},
	Rating = {5},
	Read = {1},
	Title = {Immigration and Occupations in Europe},
	Type = {CReAM Discussion Paper Series},
	Year = 2010,
	Bdsk-File-1 = {YnBsaXN0MDDUAQIDBAUGJCVYJHZlcnNpb25YJG9iamVjdHNZJGFyY2hpdmVyVCR0b3ASAAGGoKgHCBMUFRYaIVUkbnVsbNMJCgsMDxJXTlMua2V5c1pOUy5vYmplY3RzViRjbGFzc6INDoACgAOiEBGABIAFgAdccmVsYXRpdmVQYXRoWWFsaWFzRGF0YV8QRi4uL3BhcGVycy9pbW1pZ3JhdGlvbkVmZmVjdHMvSW1taWdyYXRpb24gYW5kIE9jY3VwYXRpb25zIGluIEV1cm9wZS5wZGbSFwsYGVdOUy5kYXRhTxECZAAAAAACZAACAAAMTWFjaW50b3NoIEhEAAAAAAAAAAAAAAAAAAAAzJGQ/0grAAAAkxByH0ltbWlncmF0aW9uIGFuZCBPY2N1I0Q2MEI2Qi5wZGYAAAAAAAAAAAAAAAAAAAAAAAAAAAAAAAAAAAAAAAAAAADWC2vM3numAAAAAAAAAAAAAQADAAAJIAAAAAAAAAAAAAAAAAAAABJpbW1pZ3JhdGlvbkVmZmVjdHMAEAAIAADMkXTfAAAAEQAIAADM3m2WAAAAAQAgAJMQcgCCT4wAYnzFABF1/gARbiIACMOYAAT9iAACDdcAAgB8TWFjaW50b3NoIEhEOlVzZXJzOgB0aGlsbzoARG9rdW1lbnRlOgBVbmk6AEJBOgBpbW1pZ3JhdGlvblRhc2tzOgBwYXBlcnM6AGltbWlncmF0aW9uRWZmZWN0czoASW1taWdyYXRpb24gYW5kIE9jY3UjRDYwQjZCLnBkZgAOAFQAKQBJAG0AbQBpAGcAcgBhAHQAaQBvAG4AIABhAG4AZAAgAE8AYwBjAHUAcABhAHQAaQBvAG4AcwAgAGkAbgAgAEUAdQByAG8AcABlAC4AcABkAGYADwAaAAwATQBhAGMAaQBuAHQAbwBzAGgAIABIAEQAEgBxVXNlcnMvdGhpbG8vRG9rdW1lbnRlL1VuaS9CQS9pbW1pZ3JhdGlvblRhc2tzL3BhcGVycy9pbW1pZ3JhdGlvbkVmZmVjdHMvSW1taWdyYXRpb24gYW5kIE9jY3VwYXRpb25zIGluIEV1cm9wZS5wZGYAABMAAS8AABUAAgAM//8AAIAG0hscHR5aJGNsYXNzbmFtZVgkY2xhc3Nlc11OU011dGFibGVEYXRhox0fIFZOU0RhdGFYTlNPYmplY3TSGxwiI1xOU0RpY3Rpb25hcnmiIiBfEA9OU0tleWVkQXJjaGl2ZXLRJidUcm9vdIABAAgAEQAaACMALQAyADcAQABGAE0AVQBgAGcAagBsAG4AcQBzAHUAdwCEAI4A1wDcAOQDTANOA1MDXgNnA3UDeQOAA4kDjgObA54DsAOzA7gAAAAAAAACAQAAAAAAAAAoAAAAAAAAAAAAAAAAAAADug==},
	Bdsk-File-2 = {YnBsaXN0MDDUAQIDBAUGJCVYJHZlcnNpb25YJG9iamVjdHNZJGFyY2hpdmVyVCR0b3ASAAGGoKgHCBMUFRYaIVUkbnVsbNMJCgsMDxJXTlMua2V5c1pOUy5vYmplY3RzViRjbGFzc6INDoACgAOiEBGABIAFgAdccmVsYXRpdmVQYXRoWWFsaWFzRGF0YV8QSS4uL3N1bW1hcmllcy9JbW1pZ3JhdGlvbkVmZmVjdHMvSW1taWdyYXRpb24gYW5kIE9jY3VwYXRpb25zIGluIEV1cm9wZS5wZGbSFwsYGVdOUy5kYXRhTxECagAAAAACagACAAAMTWFjaW50b3NoIEhEAAAAAAAAAAAAAAAAAAAAzJGQ/0grAAAAkxCxH0ltbWlncmF0aW9uIGFuZCBPY2N1IzlBNDc2RC5wZGYAAAAAAAAAAAAAAAAAAAAAAAAAAAAAAAAAAAAAAAAAAACaR23M5SGPAAAAAAAAAAAAAQADAAAJIAAAAAAAAAAAAAAAAAAAABJJbW1pZ3JhdGlvbkVmZmVjdHMAEAAIAADMkXTfAAAAEQAIAADM5RN/AAAAAQAgAJMQsQCBm+gAYnzFABF1/gARbiIACMOYAAT9iAACDdcAAgB/TWFjaW50b3NoIEhEOlVzZXJzOgB0aGlsbzoARG9rdW1lbnRlOgBVbmk6AEJBOgBpbW1pZ3JhdGlvblRhc2tzOgBzdW1tYXJpZXM6AEltbWlncmF0aW9uRWZmZWN0czoASW1taWdyYXRpb24gYW5kIE9jY3UjOUE0NzZELnBkZgAADgBUACkASQBtAG0AaQBnAHIAYQB0AGkAbwBuACAAYQBuAGQAIABPAGMAYwB1AHAAYQB0AGkAbwBuAHMAIABpAG4AIABFAHUAcgBvAHAAZQAuAHAAZABmAA8AGgAMAE0AYQBjAGkAbgB0AG8AcwBoACAASABEABIAdFVzZXJzL3RoaWxvL0Rva3VtZW50ZS9VbmkvQkEvaW1taWdyYXRpb25UYXNrcy9zdW1tYXJpZXMvSW1taWdyYXRpb25FZmZlY3RzL0ltbWlncmF0aW9uIGFuZCBPY2N1cGF0aW9ucyBpbiBFdXJvcGUucGRmABMAAS8AABUAAgAM//8AAIAG0hscHR5aJGNsYXNzbmFtZVgkY2xhc3Nlc11OU011dGFibGVEYXRhox0fIFZOU0RhdGFYTlNPYmplY3TSGxwiI1xOU0RpY3Rpb25hcnmiIiBfEA9OU0tleWVkQXJjaGl2ZXLRJidUcm9vdIABAAgAEQAaACMALQAyADcAQABGAE0AVQBgAGcAagBsAG4AcQBzAHUAdwCEAI4A2gDfAOcDVQNXA1wDZwNwA34DggOJA5IDlwOkA6cDuQO8A8EAAAAAAAACAQAAAAAAAAAoAAAAAAAAAAAAAAAAAAADww==},
	Bdsk-Url-1 = {http://ideas.repec.org/p/crm/wpaper/1026.html}}

@techreport{RePEc:crm:wpaper:0816,
	Abstract = {Learning about the impact that immigration has on the labor market of the receiving nation is a topic of major concern, particularly in Spain, where immigration has more than doubled from 4 percent to roughly 10 percent of the population within a decade. Yet, very little is known about the impact that large immigrant inflows have had on the labor market outcomes of Spanish natives. Furthermore, most studies assume that natives and immigrants are perfect substitutes within skill groups -a questionable assumption given recent findings in the literature. In this paper, we first document that foreign-born workers are not perfect substitutes of similarly skilled native Spanish workers, which may help explain why immigration has not significantly lowered natives' wages. Instead, immigration has affected the occupational distribution of natives. Specifically, owing to the comparative advantage of foreign-born workers in manual as opposed to interactive tasks, natives relocated to occupations with a lower content of manual tasks -such as technical and alike professional occupations, clerical support jobs, and sales and service occupations. Yet, possibly owing to the significant and simultaneous reduction in the manual to interactive task supply resulting from the increase in the share of native female workers, the increase in the relative supply of manual to interactive tasks from foreign-born workers does not appear to have significantly changed the overall manual to interactive task supply in the Spanish economy.},
	Author = {Catalina Amuedo-Dorantes and Sara de la Rica},
	Date-Added = {2012-11-30 14:03:51 +0000},
	Date-Modified = {2012-11-30 14:03:51 +0000},
	Institution = {Centre for Research and Analysis of Migration (CReAM), Department of Economics, University College London},
	Month = Nov,
	Number = {0816},
	Title = {Complements or Substitutes? Immigrant and Native Task Specialization in Spain},
	Type = {CReAM Discussion Paper Series},
	Url = {http://ideas.repec.org/p/crm/wpaper/0816.html},
	Year = 2008,
	Bdsk-Url-1 = {http://ideas.repec.org/p/crm/wpaper/0816.html}}

@techreport{AmuriEtAl2008,
	Abstract = {We adopt a general equilibrium approach in order to measure the effects of recent immigration on the Western German labor market, looking at both wage and employment effects. Using the Regional File of the IAB Employment Subsample for the period 1987- 2001, we find that the substantial immigration of the 1990's had no adverse effects on native wages and employment levels. It had instead adverse employment and wage effects on previous waves of immigrants. This stems from the fact that, after controlling for education and experience levels, native and migrant workers appear to be imperfect substitutes whereas new and old immigrants exhibit perfect substitutability. Our analysis suggests that if the German labor market were as {\^A}``flexible{\^A}'' as the UK labor market, it would be more effcient in dealing with the effects of immigration.},
	Author = {Francesco D'Amuri and Gianmarco I. P. Ottaviano and Giovanni Peri},
	Date-Added = {2012-11-30 14:02:09 +0000},
	Date-Modified = {2013-02-07 10:03:34 +0000},
	Institution = {Bank of Italy, Economic Research and International Relations Area},
	Keywords = {Immigration; Skill Complementarities; Employment; Wages.},
	Month = Aug,
	Number = {687},
	Title = {The Labor Market Impact of Immigration in Western Germany in the 1990's},
	Type = {Temi di discussione (Economic working papers)},
	Year = 2008,
	Bdsk-Url-1 = {http://ideas.repec.org/p/bdi/wptemi/td_687_08.html}}

@techreport{RePEc:mcl:mclwop:2008-07,
	Abstract = {We measure the extent to which skilled immigrants increase innovation in the United States by exploring individual patenting behavior as well as state-level determinants of patenting. The 2003 National Survey of College Graduates shows that immigrants patent at double the native rate, and that this is entirely accounted for by their disproportionately holding degrees in science and engineering. These data imply that a one percentage point rise in the share of immigrant college graduates in the population increases patents per capita by 6\%. This could be an overestimate of immigration's benefit if immigrant investors crowd out native investors, or an underestimate if immigrantes have positive spill-overs on investors. Using a 1950-2000 state panel, we show that natives are not crowded out by immigrants, and that immigrants do have positive spill-overs, resulting in an increase in patents per capita of about 15\% in response to a one percentage point increase in immigrant college graduates. We isolate the causal effect by instrumenting the change in the share of skilled immigrants in a state with the initial share of immigrant high school dropouts from Europe, China and India. In both data sets, the positive impacts of immigrant post-college graduates and scientists and engineers are larger than for immigrant college graduates.},
	Author = {Jennifer Hunt and Marjolaine Gauthier-Loiselle},
	Date-Added = {2012-11-30 13:59:50 +0000},
	Date-Modified = {2012-11-30 13:59:50 +0000},
	Institution = {McGill University, Department of Economics},
	Month = Aug,
	Number = {2008-07},
	Title = {How Much Does Immigration Boost Innovation?},
	Type = {Departmental Working Papers},
	Url = {http://ideas.repec.org/p/mcl/mclwop/2008-07.html},
	Year = 2008,
	Bdsk-Url-1 = {http://ideas.repec.org/p/mcl/mclwop/2008-07.html}}

@techreport{RePEc:crm:wpaper:1105,
	Abstract = {Sjaastad (1962) viewed migration in the same way as education: as an investment in the human agent. Migration and education are decisions that are indeed intertwined in many dimensions. Education and skill acquisition play an important role at many stages of an individual's migration. Differential returns to skills in origin- and destination country are a main driver of migration. The economic success of the immigrant in the destination country is to a large extent determined by her educational background, how transferable these skills are to the host country labour market, and how much she invests into further skills after arrival. The desire to acquire skills in the host country that have a high return in the country of origin may also be an important reason for a migration. From an intertemporal point of view, the possibility of a later migration may also affect educational decisions in the home country long before a migration is realised. In addition, the decisions of migrants regarding their own educational investment, and their expectations about future migration plans may also affect the educational attainment of their children. But migration and education are not only related for those who migrate or their descendants. Migrations of some individuals may have consequences for educational decisions of those who do not migrate, both in the home and in the host country. By easing credit constraints through remittances, migration of some may help others to go to school. By changing the skill base of the receiving country, migration may change incentives to invest in certain types of human capital. Migrants and their children may create externalities that influence educational outcomes of non-migrants in the destination country. This chapter will discuss some of the key areas that connect migration and education.},
	Author = {Christian Dustmann and Albrecht Glitz},
	Date-Added = {2012-11-30 13:59:05 +0000},
	Date-Modified = {2012-11-30 13:59:05 +0000},
	Institution = {Centre for Research and Analysis of Migration (CReAM), Department of Economics, University College London},
	Keywords = {Migration; Education; Human Capital; Return Migration; Immigrant Selection; Second-generation},
	Month = Feb,
	Number = {1105},
	Title = {Migration and Education},
	Type = {CReAM Discussion Paper Series},
	Url = {http://ideas.repec.org/p/crm/wpaper/1105.html},
	Year = 2011,
	Bdsk-Url-1 = {http://ideas.repec.org/p/crm/wpaper/1105.html}}

@article{PeriSparber2009,
	Abstract = { Large inflows of less educated immigrants may reduce wages paid to comparably-educated, native-born workers. However, if less educated foreign- and native-born workers specialize in different production tasks, because of different abilities, immigration will cause natives to reallocate their task supply, thereby reducing downward wage pressure. Using occupational task-intensity data from the O*NET dataset and individual US census data, we demonstrate that foreign-born workers specialize in occupations intensive in manual-physical labor skills while natives pursue jobs more intensive in communication-language tasks. This mechanism can explain why economic analyses find only modest wage consequences of immigration for less educated native-born workers. (JEL J24, J31, J61)},
	Author = {Giovanni Peri and Chad Sparber},
	Date-Added = {2012-11-30 13:53:30 +0000},
	Date-Modified = {2013-01-14 15:01:53 +0000},
	Journal = {American Economic Journal: Applied Economics},
	Keywords = {Immigration; manual tasks; communication skills; Immigration; manual tasks; communication skills},
	Month = {July},
	Number = {3},
	Pages = {135-69},
	Read = {1},
	Title = {Task Specialization, Immigration, and Wages},
	Volume = {1},
	Year = 2009,
	Bdsk-File-1 = {YnBsaXN0MDDUAQIDBAUGJCVYJHZlcnNpb25YJG9iamVjdHNZJGFyY2hpdmVyVCR0b3ASAAGGoKgHCBMUFRYaIVUkbnVsbNMJCgsMDxJXTlMua2V5c1pOUy5vYmplY3RzViRjbGFzc6INDoACgAOiEBGABIAFgAdccmVsYXRpdmVQYXRoWWFsaWFzRGF0YV8QTC4uL3BhcGVycy9pbW1pZ3JhdGlvbkVmZmVjdHMvVGFzayBTcGVjaWFsaXphdGlvbiwgSW1taWdyYXRpb24sIGFuZCBXYWdlcy5wZGbSFwsYGVdOUy5kYXRhTxECdgAAAAACdgACAAAMTWFjaW50b3NoIEhEAAAAAAAAAAAAAAAAAAAAzJGQ/0grAAAAkxByH1Rhc2sgU3BlY2lhbGl6YXRpb24jMTA0QUYxMC5wZGYAAAAAAAAAAAAAAAAAAAAAAAAAAAAAAAAAAAAAAAAAAAEErxDMrHsyAAAAAAAAAAAAAQADAAAJIAAAAAAAAAAAAAAAAAAAABJpbW1pZ3JhdGlvbkVmZmVjdHMAEAAIAADMkXTfAAAAEQAIAADMrF8SAAAAAQAgAJMQcgCCT4wAYnzFABF1/gARbiIACMOYAAT9iAACDdcAAgB8TWFjaW50b3NoIEhEOlVzZXJzOgB0aGlsbzoARG9rdW1lbnRlOgBVbmk6AEJBOgBpbW1pZ3JhdGlvblRhc2tzOgBwYXBlcnM6AGltbWlncmF0aW9uRWZmZWN0czoAVGFzayBTcGVjaWFsaXphdGlvbiMxMDRBRjEwLnBkZgAOAGAALwBUAGEAcwBrACAAUwBwAGUAYwBpAGEAbABpAHoAYQB0AGkAbwBuACwAIABJAG0AbQBpAGcAcgBhAHQAaQBvAG4ALAAgAGEAbgBkACAAVwBhAGcAZQBzAC4AcABkAGYADwAaAAwATQBhAGMAaQBuAHQAbwBzAGgAIABIAEQAEgB3VXNlcnMvdGhpbG8vRG9rdW1lbnRlL1VuaS9CQS9pbW1pZ3JhdGlvblRhc2tzL3BhcGVycy9pbW1pZ3JhdGlvbkVmZmVjdHMvVGFzayBTcGVjaWFsaXphdGlvbiwgSW1taWdyYXRpb24sIGFuZCBXYWdlcy5wZGYAABMAAS8AABUAAgAM//8AAIAG0hscHR5aJGNsYXNzbmFtZVgkY2xhc3Nlc11OU011dGFibGVEYXRhox0fIFZOU0RhdGFYTlNPYmplY3TSGxwiI1xOU0RpY3Rpb25hcnmiIiBfEA9OU0tleWVkQXJjaGl2ZXLRJidUcm9vdIABAAgAEQAaACMALQAyADcAQABGAE0AVQBgAGcAagBsAG4AcQBzAHUAdwCEAI4A3QDiAOoDZANmA2sDdgN/A40DkQOYA6EDpgOzA7YDyAPLA9AAAAAAAAACAQAAAAAAAAAoAAAAAAAAAAAAAAAAAAAD0g==},
	Bdsk-File-2 = {YnBsaXN0MDDUAQIDBAUGJCVYJHZlcnNpb25YJG9iamVjdHNZJGFyY2hpdmVyVCR0b3ASAAGGoKgHCBMUFRYaIVUkbnVsbNMJCgsMDxJXTlMua2V5c1pOUy5vYmplY3RzViRjbGFzc6INDoACgAOiEBGABIAFgAdccmVsYXRpdmVQYXRoWWFsaWFzRGF0YV8QTy4uL3N1bW1hcmllcy9JbW1pZ3JhdGlvbkVmZmVjdHMvVGFzayBTcGVjaWFsaXphdGlvbiwgSW1taWdyYXRpb24sIGFuZCBXYWdlcy5wZGbSFwsYGVdOUy5kYXRhTxECfAAAAAACfAACAAAMTWFjaW50b3NoIEhEAAAAAAAAAAAAAAAAAAAAzJGQ/0grAAAAkxCxH1Rhc2sgU3BlY2lhbGl6YXRpb24sIzhDNTQ4Qi5wZGYAAAAAAAAAAAAAAAAAAAAAAAAAAAAAAAAAAAAAAAAAAACMVIvM2P3hAAAAAAAAAAAAAQADAAAJIAAAAAAAAAAAAAAAAAAAABJJbW1pZ3JhdGlvbkVmZmVjdHMAEAAIAADMkXTfAAAAEQAIAADM2O/RAAAAAQAgAJMQsQCBm+gAYnzFABF1/gARbiIACMOYAAT9iAACDdcAAgB/TWFjaW50b3NoIEhEOlVzZXJzOgB0aGlsbzoARG9rdW1lbnRlOgBVbmk6AEJBOgBpbW1pZ3JhdGlvblRhc2tzOgBzdW1tYXJpZXM6AEltbWlncmF0aW9uRWZmZWN0czoAVGFzayBTcGVjaWFsaXphdGlvbiwjOEM1NDhCLnBkZgAADgBgAC8AVABhAHMAawAgAFMAcABlAGMAaQBhAGwAaQB6AGEAdABpAG8AbgAsACAASQBtAG0AaQBnAHIAYQB0AGkAbwBuACwAIABhAG4AZAAgAFcAYQBnAGUAcwAuAHAAZABmAA8AGgAMAE0AYQBjAGkAbgB0AG8AcwBoACAASABEABIAelVzZXJzL3RoaWxvL0Rva3VtZW50ZS9VbmkvQkEvaW1taWdyYXRpb25UYXNrcy9zdW1tYXJpZXMvSW1taWdyYXRpb25FZmZlY3RzL1Rhc2sgU3BlY2lhbGl6YXRpb24sIEltbWlncmF0aW9uLCBhbmQgV2FnZXMucGRmABMAAS8AABUAAgAM//8AAIAG0hscHR5aJGNsYXNzbmFtZVgkY2xhc3Nlc11OU011dGFibGVEYXRhox0fIFZOU0RhdGFYTlNPYmplY3TSGxwiI1xOU0RpY3Rpb25hcnmiIiBfEA9OU0tleWVkQXJjaGl2ZXLRJidUcm9vdIABAAgAEQAaACMALQAyADcAQABGAE0AVQBgAGcAagBsAG4AcQBzAHUAdwCEAI4A4ADlAO0DbQNvA3QDfwOIA5YDmgOhA6oDrwO8A78D0QPUA9kAAAAAAAACAQAAAAAAAAAoAAAAAAAAAAAAAAAAAAAD2w==},
	Bdsk-Url-1 = {http://ideas.repec.org/a/aea/aejapp/v1y2009i3p135-69.html}}

@techreport{Hunt2012,
	Abstract = {Using a state panel based on census data from 1940-2010, I examine the impact of immigration on the high school completion of natives in the United States. Immigrant children could compete for schooling resources with native children, lowering the return to native education and discouraging native high school completion. Conversely, native children might be encouraged to complete high school in order to avoid competing with immigrant high-school dropouts in the labor market. I find evidence that both channels are operative and that the net effect is positive, particularly for native-born blacks, though not for native-born Hispanics. An increase of one percentage point in the share of immigrants in the population aged 11-64 increases the probability that natives aged 11-17 eventually complete 12 years of schooling by 0.3 percentage points, and increases the probability for native-born blacks by 0.4 percentage points. I account for the endogeneity of immigrant flows by using instruments based on 1940 settlement patterns.},
	Author = {Jennifer Hunt},
	Date-Added = {2012-11-30 13:48:35 +0000},
	Date-Modified = {2012-12-05 13:42:25 +0000},
	Institution = {National Bureau of Economic Research, Inc},
	Month = May,
	Number = {18047},
	Read = {1},
	Title = {The Impact of Immigration on the Educational Attainment of Natives},
	Type = {NBER Working Papers},
	Year = 2012,
	Bdsk-File-1 = {YnBsaXN0MDDUAQIDBAUGJCVYJHZlcnNpb25YJG9iamVjdHNZJGFyY2hpdmVyVCR0b3ASAAGGoKgHCBMUFRYaIVUkbnVsbNMJCgsMDxJXTlMua2V5c1pOUy5vYmplY3RzViRjbGFzc6INDoACgAOiEBGABIAFgAdccmVsYXRpdmVQYXRoWWFsaWFzRGF0YV8QYy4uL3BhcGVycy9pbW1pZ3JhdGlvbkVmZmVjdHMvVEhFIElNUEFDVCBPRiBJTU1JR1JBVElPTiBPTiBUSEUgRURVQ0FUSU9OQUwgQVRUQUlOTUVOVCBPRiBOQVRJVkVTLnBkZtIXCxgZV05TLmRhdGFPEQK6AAAAAAK6AAIAAAxNYWNpbnRvc2ggSEQAAAAAAAAAAAAAAAAAAADMkZD/SCsAAACTEHIfVEhFIElNUEFDVCBPRiBJTU1JR1IjOENGOUI5LnBkZgAAAAAAAAAAAAAAAAAAAAAAAAAAAAAAAAAAAAAAAAAAAIz5ucy20L8AAAAAAAAAAAABAAMAAAkgAAAAAAAAAAAAAAAAAAAAEmltbWlncmF0aW9uRWZmZWN0cwAQAAgAAMyRdN8AAAARAAgAAMy2wq8AAAABACAAkxByAIJPjABifMUAEXX+ABFuIgAIw5gABP2IAAIN1wACAHxNYWNpbnRvc2ggSEQ6VXNlcnM6AHRoaWxvOgBEb2t1bWVudGU6AFVuaToAQkE6AGltbWlncmF0aW9uVGFza3M6AHBhcGVyczoAaW1taWdyYXRpb25FZmZlY3RzOgBUSEUgSU1QQUNUIE9GIElNTUlHUiM4Q0Y5QjkucGRmAA4AjgBGAFQASABFACAASQBNAFAAQQBDAFQAIABPAEYAIABJAE0ATQBJAEcAUgBBAFQASQBPAE4AIABPAE4AIABUAEgARQAgAEUARABVAEMAQQBUAEkATwBOAEEATAAgAEEAVABUAEEASQBOAE0ARQBOAFQAIABPAEYAIABOAEEAVABJAFYARQBTAC4AcABkAGYADwAaAAwATQBhAGMAaQBuAHQAbwBzAGgAIABIAEQAEgCOVXNlcnMvdGhpbG8vRG9rdW1lbnRlL1VuaS9CQS9pbW1pZ3JhdGlvblRhc2tzL3BhcGVycy9pbW1pZ3JhdGlvbkVmZmVjdHMvVEhFIElNUEFDVCBPRiBJTU1JR1JBVElPTiBPTiBUSEUgRURVQ0FUSU9OQUwgQVRUQUlOTUVOVCBPRiBOQVRJVkVTLnBkZgATAAEvAAAVAAIADP//AACABtIbHB0eWiRjbGFzc25hbWVYJGNsYXNzZXNdTlNNdXRhYmxlRGF0YaMdHyBWTlNEYXRhWE5TT2JqZWN00hscIiNcTlNEaWN0aW9uYXJ5oiIgXxAPTlNLZXllZEFyY2hpdmVy0SYnVHJvb3SAAQAIABEAGgAjAC0AMgA3AEAARgBNAFUAYABnAGoAbABuAHEAcwB1AHcAhACOAPQA+QEBA78DwQPGA9ED2gPoA+wD8wP8BAEEDgQRBCMEJgQrAAAAAAAAAgEAAAAAAAAAKAAAAAAAAAAAAAAAAAAABC0=},
	Bdsk-File-2 = {YnBsaXN0MDDUAQIDBAUGJCVYJHZlcnNpb25YJG9iamVjdHNZJGFyY2hpdmVyVCR0b3ASAAGGoKgHCBMUFRYaIVUkbnVsbNMJCgsMDxJXTlMua2V5c1pOUy5vYmplY3RzViRjbGFzc6INDoACgAOiEBGABIAFgAdccmVsYXRpdmVQYXRoWWFsaWFzRGF0YV8QZi4uL3N1bW1hcmllcy9JbW1pZ3JhdGlvbkVmZmVjdHMvVEhFIElNUEFDVCBPRiBJTU1JR1JBVElPTiBPTiBUSEUgRURVQ0FUSU9OQUwgQVRUQUlOTUVOVCBPRiBOQVRJVkVTLnBkZtIXCxgZV05TLmRhdGFPEQLCAAAAAALCAAIAAAxNYWNpbnRvc2ggSEQAAAAAAAAAAAAAAAAAAADMkZD/SCsAAACTELEfVEhFIElNUEFDVCBPRiBJTU1JR1IjOENDMzZCLnBkZgAAAAAAAAAAAAAAAAAAAAAAAAAAAAAAAAAAAAAAAAAAAIzDa8zZPlcAAAAAAAAAAAABAAMAAAkgAAAAAAAAAAAAAAAAAAAAEkltbWlncmF0aW9uRWZmZWN0cwAQAAgAAMyRdN8AAAARAAgAAMzZMEcAAAABACAAkxCxAIGb6ABifMUAEXX+ABFuIgAIw5gABP2IAAIN1wACAH9NYWNpbnRvc2ggSEQ6VXNlcnM6AHRoaWxvOgBEb2t1bWVudGU6AFVuaToAQkE6AGltbWlncmF0aW9uVGFza3M6AHN1bW1hcmllczoASW1taWdyYXRpb25FZmZlY3RzOgBUSEUgSU1QQUNUIE9GIElNTUlHUiM4Q0MzNkIucGRmAAAOAI4ARgBUAEgARQAgAEkATQBQAEEAQwBUACAATwBGACAASQBNAE0ASQBHAFIAQQBUAEkATwBOACAATwBOACAAVABIAEUAIABFAEQAVQBDAEEAVABJAE8ATgBBAEwAIABBAFQAVABBAEkATgBNAEUATgBUACAATwBGACAATgBBAFQASQBWAEUAUwAuAHAAZABmAA8AGgAMAE0AYQBjAGkAbgB0AG8AcwBoACAASABEABIAkVVzZXJzL3RoaWxvL0Rva3VtZW50ZS9VbmkvQkEvaW1taWdyYXRpb25UYXNrcy9zdW1tYXJpZXMvSW1taWdyYXRpb25FZmZlY3RzL1RIRSBJTVBBQ1QgT0YgSU1NSUdSQVRJT04gT04gVEhFIEVEVUNBVElPTkFMIEFUVEFJTk1FTlQgT0YgTkFUSVZFUy5wZGYAABMAAS8AABUAAgAM//8AAIAG0hscHR5aJGNsYXNzbmFtZVgkY2xhc3Nlc11OU011dGFibGVEYXRhox0fIFZOU0RhdGFYTlNPYmplY3TSGxwiI1xOU0RpY3Rpb25hcnmiIiBfEA9OU0tleWVkQXJjaGl2ZXLRJidUcm9vdIABAAgAEQAaACMALQAyADcAQABGAE0AVQBgAGcAagBsAG4AcQBzAHUAdwCEAI4A9wD8AQQDygPMA9ED3APlA/MD9wP+BAcEDAQZBBwELgQxBDYAAAAAAAACAQAAAAAAAAAoAAAAAAAAAAAAAAAAAAAEOA==},
	Bdsk-Url-1 = {http://ideas.repec.org/p/nbr/nberwo/18047.html}}

@techreport{Peri2009-11,
	Abstract = {Using the large variation in the inflow of immigrants across US states we analyze the impact of immigration on state employment, average hours worked, physical capital accumulation and, most importantly, total factor productivity and its skill bias. We use the location of a state relative to the Mexican border and to the main ports of entry, as well as the existence of communities of immigrants before 1960, as instruments. We find no evidence that immigrants crowded-out employment and hours worked by natives. At the same time we find robust evidence that they increased total factor productivity, on the one hand, while they decreased capital intensity and the skill-bias of production technologies, on the other. These results are robust to controlling for several other determinants of productivity that may vary with geography such as R\&D spending, computer adoption, international competition in the form of exports and sector composition. Our results suggest that immigrants promoted efficient task specialization, thus increasing TFP and, at the same time, promoted the adoption of unskilled-biased technology as the theory of directed technologial change would predict. Combining these effects, an increase in employment in a US state of 1\% due to immigrants produced an increase in income per worker of 0.5\% in that state.},
	Author = {Giovanni Peri},
	Date-Added = {2012-11-30 13:46:12 +0000},
	Date-Modified = {2012-12-05 13:42:51 +0000},
	Institution = {National Bureau of Economic Research, Inc},
	Month = Nov,
	Number = {15507},
	Read = {1},
	Title = {The Effect of Immigration on Productivity: Evidence from US States},
	Type = {NBER Working Papers},
	Year = 2009,
	Bdsk-File-1 = {YnBsaXN0MDDUAQIDBAUGJCVYJHZlcnNpb25YJG9iamVjdHNZJGFyY2hpdmVyVCR0b3ASAAGGoKgHCBMUFRYaIVUkbnVsbNMJCgsMDxJXTlMua2V5c1pOUy5vYmplY3RzViRjbGFzc6INDoACgAOiEBGABIAFgAdccmVsYXRpdmVQYXRoWWFsaWFzRGF0YV8QYy4uL3BhcGVycy9pbW1pZ3JhdGlvbkVmZmVjdHMvVEhFIEVGRkVDVCBPRiBJTU1JR1JBVElPTiBPTiBQUk9EVUNUSVZJVFktIEVWSURFTkNFIEZST00gVVMgU1RBVEVTLnBkZtIXCxgZV05TLmRhdGFPEQK6AAAAAAK6AAIAAAxNYWNpbnRvc2ggSEQAAAAAAAAAAAAAAAAAAADMkZD/SCsAAACTEHIfVEhFIEVGRkVDVCBPRiBJTU1JR1IjOEM4QzFDLnBkZgAAAAAAAAAAAAAAAAAAAAAAAAAAAAAAAAAAAAAAAAAAAIyMHMyseT8AAAAAAAAAAAABAAMAAAkgAAAAAAAAAAAAAAAAAAAAEmltbWlncmF0aW9uRWZmZWN0cwAQAAgAAMyRdN8AAAARAAgAAMysXR8AAAABACAAkxByAIJPjABifMUAEXX+ABFuIgAIw5gABP2IAAIN1wACAHxNYWNpbnRvc2ggSEQ6VXNlcnM6AHRoaWxvOgBEb2t1bWVudGU6AFVuaToAQkE6AGltbWlncmF0aW9uVGFza3M6AHBhcGVyczoAaW1taWdyYXRpb25FZmZlY3RzOgBUSEUgRUZGRUNUIE9GIElNTUlHUiM4QzhDMUMucGRmAA4AjgBGAFQASABFACAARQBGAEYARQBDAFQAIABPAEYAIABJAE0ATQBJAEcAUgBBAFQASQBPAE4AIABPAE4AIABQAFIATwBEAFUAQwBUAEkAVgBJAFQAWQAtACAARQBWAEkARABFAE4AQwBFACAARgBSAE8ATQAgAFUAUwAgAFMAVABBAFQARQBTAC4AcABkAGYADwAaAAwATQBhAGMAaQBuAHQAbwBzAGgAIABIAEQAEgCOVXNlcnMvdGhpbG8vRG9rdW1lbnRlL1VuaS9CQS9pbW1pZ3JhdGlvblRhc2tzL3BhcGVycy9pbW1pZ3JhdGlvbkVmZmVjdHMvVEhFIEVGRkVDVCBPRiBJTU1JR1JBVElPTiBPTiBQUk9EVUNUSVZJVFktIEVWSURFTkNFIEZST00gVVMgU1RBVEVTLnBkZgATAAEvAAAVAAIADP//AACABtIbHB0eWiRjbGFzc25hbWVYJGNsYXNzZXNdTlNNdXRhYmxlRGF0YaMdHyBWTlNEYXRhWE5TT2JqZWN00hscIiNcTlNEaWN0aW9uYXJ5oiIgXxAPTlNLZXllZEFyY2hpdmVy0SYnVHJvb3SAAQAIABEAGgAjAC0AMgA3AEAARgBNAFUAYABnAGoAbABuAHEAcwB1AHcAhACOAPQA+QEBA78DwQPGA9ED2gPoA+wD8wP8BAEEDgQRBCMEJgQrAAAAAAAAAgEAAAAAAAAAKAAAAAAAAAAAAAAAAAAABC0=},
	Bdsk-File-2 = {YnBsaXN0MDDUAQIDBAUGJCVYJHZlcnNpb25YJG9iamVjdHNZJGFyY2hpdmVyVCR0b3ASAAGGoKgHCBMUFRYaIVUkbnVsbNMJCgsMDxJXTlMua2V5c1pOUy5vYmplY3RzViRjbGFzc6INDoACgAOiEBGABIAFgAdccmVsYXRpdmVQYXRoWWFsaWFzRGF0YV8Qby4uL3N1bW1hcmllcy9JbW1pZ3JhdGlvbkVmZmVjdHMvX3NvdXJjZXMvVEhFIEVGRkVDVCBPRiBJTU1JR1JBVElPTiBPTiBQUk9EVUNUSVZJVFktIEVWSURFTkNFIEZST00gVVMgU1RBVEVTLnRleNIXCxgZV05TLmRhdGFPEQLOAAAAAALOAAIAAAxNYWNpbnRvc2ggSEQAAAAAAAAAAAAAAAAAAADMkZD/SCsAAACTENsfVEhFIEVGRkVDVCBPRiBJTU1JR1IjOENDMjkwLnRleAAAAAAAAAAAAAAAAAAAAAAAAAAAAAAAAAAAAAAAAAAAAIzCkMzQDAxURVhUVGVYcwABAAQAAAkgAAAAAAAAAAAAAAAAAAAACF9zb3VyY2VzABAACAAAzJF03wAAABEACAAAzM/9/AAAAAEAJACTENsAkxCxAIGb6ABifMUAEXX+ABFuIgAIw5gABP2IAAIN1wACAIlNYWNpbnRvc2ggSEQ6VXNlcnM6AHRoaWxvOgBEb2t1bWVudGU6AFVuaToAQkE6AGltbWlncmF0aW9uVGFza3M6AHN1bW1hcmllczoASW1taWdyYXRpb25FZmZlY3RzOgBfc291cmNlczoAVEhFIEVGRkVDVCBPRiBJTU1JR1IjOENDMjkwLnRleAAADgCOAEYAVABIAEUAIABFAEYARgBFAEMAVAAgAE8ARgAgAEkATQBNAEkARwBSAEEAVABJAE8ATgAgAE8ATgAgAFAAUgBPAEQAVQBDAFQASQBWAEkAVABZAC0AIABFAFYASQBEAEUATgBDAEUAIABGAFIATwBNACAAVQBTACAAUwBUAEEAVABFAFMALgB0AGUAeAAPABoADABNAGEAYwBpAG4AdABvAHMAaAAgAEgARAASAJpVc2Vycy90aGlsby9Eb2t1bWVudGUvVW5pL0JBL2ltbWlncmF0aW9uVGFza3Mvc3VtbWFyaWVzL0ltbWlncmF0aW9uRWZmZWN0cy9fc291cmNlcy9USEUgRUZGRUNUIE9GIElNTUlHUkFUSU9OIE9OIFBST0RVQ1RJVklUWS0gRVZJREVOQ0UgRlJPTSBVUyBTVEFURVMudGV4ABMAAS8AABUAAgAM//8AAIAG0hscHR5aJGNsYXNzbmFtZVgkY2xhc3Nlc11OU011dGFibGVEYXRhox0fIFZOU0RhdGFYTlNPYmplY3TSGxwiI1xOU0RpY3Rpb25hcnmiIiBfEA9OU0tleWVkQXJjaGl2ZXLRJidUcm9vdIABAAgAEQAaACMALQAyADcAQABGAE0AVQBgAGcAagBsAG4AcQBzAHUAdwCEAI4BAAEFAQ0D3wPhA+YD8QP6BAgEDAQTBBwEIQQuBDEEQwRGBEsAAAAAAAACAQAAAAAAAAAoAAAAAAAAAAAAAAAAAAAETQ==},
	Bdsk-Url-1 = {http://ideas.repec.org/p/nbr/nberwo/15507.html}}

@comment{BibDesk Static Groups{
<?xml version="1.0" encoding="UTF-8"?>
<!DOCTYPE plist PUBLIC "-//Apple//DTD PLIST 1.0//EN" "http://www.apple.com/DTDs/PropertyList-1.0.dtd">
<plist version="1.0">
<array>
	<dict>
		<key>group name</key>
		<string>BasisLit</string>
		<key>keys</key>
		<string>Card2001,Borjas2003,AcemogluAutor2010</string>
	</dict>
	<dict>
		<key>group name</key>
		<string>CH</string>
		<key>keys</key>
		<string>Favre2011,OeschMenes2010,Stalder2010,SECO2010,Hoehener2012,GerfinKaiser2010,SECO2012,Gross2006,Kahn2004,Kueng2005,Sheldon2001</string>
	</dict>
	<dict>
		<key>group name</key>
		<string>EduExpCell-DifferentSkill</string>
		<key>keys</key>
		<string>AcemogluAutor2010,PeriSparber2009,OttavianoPeri2008,ManacordaEtAl2006</string>
	</dict>
	<dict>
		<key>group name</key>
		<string>EduExpCell-PerfectlySubstitutable</string>
		<key>keys</key>
		<string>BorjasKatz2005,Borjas2006,Borjas2003</string>
	</dict>
	<dict>
		<key>group name</key>
		<string>HauptLiteratur</string>
		<key>keys</key>
		<string>RePEc:cgt:wpaper:2011-04,PeriSparber2010,PeriSparber2009,DAmuriPeri2010</string>
	</dict>
	<dict>
		<key>group name</key>
		<string>LitReview - High Skill</string>
		<key>keys</key>
		<string>AcemogluAutor2010,Borjas2003,PeriSparber2010,Borjas2006,OeschMenes2010</string>
	</dict>
	<dict>
		<key>group name</key>
		<string>LitReview - Low Skill</string>
		<key>keys</key>
		<string>PeriSparber2009,Peri2009-11,AmuriEtAl2008,DAmuriPeri2010,BorjasKatz2005,Steinhardt2009,AcemogluAutor2010</string>
	</dict>
</array>
</plist>
}}

@comment{BibDesk Smart Groups{
<?xml version="1.0" encoding="UTF-8"?>
<!DOCTYPE plist PUBLIC "-//Apple//DTD PLIST 1.0//EN" "http://www.apple.com/DTDs/PropertyList-1.0.dtd">
<plist version="1.0">
<array>
	<dict>
		<key>conditions</key>
		<array>
			<dict>
				<key>comparison</key>
				<integer>2</integer>
				<key>key</key>
				<string>Any Field</string>
				<key>value</key>
				<string>specialization</string>
				<key>version</key>
				<string>1</string>
			</dict>
		</array>
		<key>conjunction</key>
		<integer>0</integer>
		<key>group name</key>
		<string>specialization</string>
	</dict>
</array>
</plist>
}}
